2028 3750
739 174 1167 244 sorms'rA.
1635 193 1639 196 ²
1688 186 1793 238 ιιι

224 331 356 398 ΞΕ.
421 331 666 402 Εἰκότως
705 356 765 408 γε
818 334 885 393 σύ
903 334 1176 412 απορῶν.
1216 330 1362 390 ἀλλά
1404 354 1497 390 τοι
1537 330 1796 388 κάκεῖνον

114 418 384 492 ἡγεῖσθαι
420 417 528 495 χρὴ
571 423 675 477 νῦν
716 418 832 490 ἤδη
866 419 1084 498 σφόδρα
1126 418 1359 493 ἀπορεῖν
1402 414 1527 494 ὅπῃ
1556 421 1688 473 ποτὲ
1720 421 1798 472 ἔτι

113 503 432 561 διαδύσεται
471 501 573 560 τὸν
610 503 812 577 λόγον·
855 502 1013 579 ὀρθὴ
1054 500 1162 577 γὰρ
1203 502 1236 571 ἡ
1268 506 1579 601 παροιμία,
1598 497 1664 558 τὸ
1696 522 1799 566 τας

114 587 342 655 ἁπασας
380 584 458 661 μὴ
503 586 733 663 ῥᾴδιον
748 588 889 645 εἶναι
932 587 1265 667 διαφεύγειν.
1304 591 1409 645 νῦν
1443 577 1660 643 οὖνκαὶ
1685 583 1798 660 μα’-

114 677 272 730 λιστα
314 676 609 729 ὲπιθετέον
649 673 822 745 αὐτῷ.

245 759 454 813 ΘΕΑΙ.
538 758 743 822 Καλῶς
784 761 977 829 λέγει-ς.

242 837 382 919 Cap.
424 834 595 896 XIX.
682 842 796 902 ΞΕ.
880 841 1124 913 Πρῶτον
1166 836 1233 907 δὴ
1265 835 1495 909 στάντες
1533 836 1655 893 οἷον
1679 835 1802 903 ἐξαέ

113 925 541 994 ναπνεύσωμεν,
583 928 676 982 καὶ,
717 922 858 996 πρὸς
895 923 1044 997 ἡμᾶς
1086 921 1296 988 αὐτοὺς
1349 921 1800 993 ὃιαλογισώμεθα

114 1008 237 1082 ἅμα
276 1005 712 1079 ἀναπαυόμενοι,
754 1013 899 1084 φέρε,
942 1004 1126 1064 ὁπόσα
1165 1006 1299 1079 ἡμῖν
1340 1005 1369 1062 ὁ
1415 1006 1686 1082 σοφιστὴς
1706 1009 1797 1059 πέ-
1843 1015 1889 1065 D

116 1113 348 1169 φανται.
391 1088 533 1147 δοκῶ
578 1095 679 1162 μὲν
721 1091 859 1164 γάρ,
901 1089 966 1146 τὸ
1012 1095 1237 1166 πρῶτον
1289 1089 1494 1166 εὑρέθη
1535 1097 1670 1147 νέων
1711 1092 1806 1144 καὶ

114 1181 392 1234 πλουσίων
437 1179 713 1248 ἔμμισθος
756 1173 1058 1250 θηρευτής.
1550 1169 1555 1172 ’

247 1262 457 1316 ΘΕΑΙ.
541 1262 676 1316 Ναί.
1272 1325 1275 1328 ,

226 1340 357 1406 ’ΞΕ
439 1340 522 1400 Τὸ
570 1346 626 1401 δέ
666 1365 726 1414 γε
773 1341 1027 1417 δεύτερον
1070 1337 1308 1414 ἕμπορός
1349 1362 1431 1408 τις
1458 1337 1677 1417 περὶτὰ
1707 1339 1807 1409 τῆς

116 1432 301 1507 ψυχῆς
343 1426 686 1500 μαθήματα.

246 1515 455 1568 ΘΕΑΙ.
534 1510 706 1575 ΙΙάνυ
749 1533 826 1580 γε.

241 1596 353 1657 ΞΕ.
447 1598 650 1666 Τρίτον
693 1598 751 1652 δὲ
799 1586 912 1671 ἇρα
958 1592 1026 1652 οὐ
1067 1596 1194 1672 περὶ
1213 1591 1391 1650 ταύτὰ
1423 1595 1604 1650 ταῦτα
1628 1589 1806 1662 κάπη-

115 1683 212 1746 λος
250 1677 540 1756 ἀνεφάνης

117 1900 224 1943 Ven.
252 1900 313 1944 Π.
343 1900 473 1943 Coisl.
503 1900 610 1943 Ven.
638 1899 748 1942 ΛΣ.
780 1898 906 1942 vind.
937 1898 1038 1941 Par.
1067 1896 1120 1941 Ε.
1150 1900 1205 1942 al.
1236 1912 1287 1940 ac
1305 1897 1403 1940 dein
1419 1897 1610 1940 scribunt
1630 1892 1807 1951 εὑρεθῆ.

118 1959 202 2000 Alii
238 1964 337 2006 ante
367 1956 417 1999 τό
451 1959 645 1999 inserunt
672 1956 748 2010 ὡς,
790 1962 839 1998 ut
867 1958 967 1999 Par.
996 1956 1081 1998 BF
1091 1957 1150 1998 H.
1207 1957 1452 2008 Utrumque
1489 1960 1629 1996 ortum
1660 1967 1713 1996 ex
1742 1952 1809 1995 of-

116 2015 312 2059 fensione
348 2015 678 2058 constructionis
719 2016 836 2067 eius,
880 2027 1012 2068 quam
1044 2013 1153 2056 infra
1182 2014 1225 2056 in
1254 2013 1572 2055 commentariis
1605 2011 1811 2053 dilucida-

116 2085 290 2172 wmuss&
324 2129 381 2173 δέ
403 2144 458 2186 γε
479 2125 570 2172 δεό
582 2128 761 2185 τερον]
791 2128 844 2171 δέ
868 2127 1060 2170 additum
1091 2141 1116 2171 e
1144 2127 1272 2170 Bodl.
1300 2127 1400 2171 vat.
1427 2127 1534 2171 Ven.
1554 2124 1616 2168 Π.
1641 2124 1743 2167 Par.
1758 2122 1814 2166 F.

121 2275 176 2314 et
216 2270 571 2314 communiter
622 2270 766 2312 inter
806 2270 925 2323 qui-

121 2322 421 2371 escendum
465 2330 543 2370 sic
581 2333 923 2382 reputemus:

123 2399 254 2440 age,
303 2390 438 2440 quot
474 2385 764 2439 sophistae
803 2399 925 2440 spe-

124 2444 240 2485 cies
289 2443 679 2512 apparuerint,
737 2442 925 2484 videa-

123 2513 252 2543 mus.
322 2501 434 2542 Post
481 2497 806 2554 ἆνιαπαιόμενοι
845 2513 926 2554 po-

123 2562 237 2599 terat
265 2553 403 2605 οὕτως
443 2557 578 2599 adiici.
640 2557 729 2599 Sed
760 2557 819 2597 ita
848 2570 927 2598 vo-

124 2616 271 2665 culae,
310 2626 420 2667 quae
450 2619 596 2656 rectae
627 2613 830 2655 orationis
861 2615 927 2654 in-

125 2670 283 2712 dicium
326 2671 407 2711 fiac
411 2675 507 2721 unt,
546 2670 759 2713 interdum
800 2671 928 2711 omit—

124 2732 284 2768 tuntur.
325 2726 548 2768 Phaedon.
585 2741 627 2780 p.
669 2731 738 2767 91.
768 2727 822 2768 Β.
854 2729 928 2766 λο-

121 2783 301 2839 ,ἅζομαι
328 2781 435 2838 γάρ,
465 2778 502 2823 ὦ
531 2785 628 2837 φίλε
659 2784 821 2837 ἑταῖρε,
856 2799 931 2823 και

124 2843 291 2882 θεασαι
330 2839 387 2887 ὡς
427 2840 753 2886 πλεονεκτικῶς·
793 2840 929 2892 εἰμὲν

123 2895 328 2951 τιγχάιέι
373 2895 526 2951 ἀληθῆ
572 2896 681 2937 ὂντα
727 2894 758 2935 (ἲ
805 2897 928 2950 λέγω,

39 2998 43 3001 ,
125 2954 257 3003 καλῶς
290 2954 340 3007 δη·
386 2956 482 3006 ἔχει.
525 2953 635 2995 conf.
686 2954 812 2994 etiam
861 2954 929 2994 De

124 3013 238 3065 Rep.
268 3012 337 3054 VI.
369 3026 409 3066 p.
441 3015 540 3081 4925
571 3010 623 3052 E.
660 3010 800 3063 ibique
829 3022 924 3050 ann.

125 3070 235 3113 Dein
282 3069 397 3110 istud
447 3065 593 3110 ὁπόσα
645 3079 700 3108 ne
749 3066 844 3119 quis
884 3066 927 3107 in

123 3123 242 3168 πόσα
270 3125 518 3167 mutandum
558 3128 755 3176 censeat3
787 3124 926 3165 oratio

128 3183 238 3225 enim
295 3183 505 3236 elliptica,
564 3181 739 3236 perinde.
784 3193 835 3222 ac
891 3180 927 3221 si

126 3241 382 3282 Germanice
441 3238 638 3281 dicimus:
704 3239 783 3279 als
828 3236 928 3279 wie

125 3292 381 3339 vielerlei
438 3308 535 3337 uns
604 3294 737 3337 doch
796 3293 927 3336 wohl

124 3353 225 3395 der
290 3353 522 3408 Sophist
596 3351 927 3394 erschienen

128 3410 221 3464 ist,
253 3411 307 3455 ad
336 3425 448 3468 quae
477 3414 630 3466 sponte
655 3408 927 3464 intelligimus

1009 2284 1030 2311 s
1046 2269 1158 2312 cire
1198 2269 1360 2312 velim
1398 2272 1472 2311 aut
1511 2268 1648 2311 simile
1687 2266 1812 2320 quib-

1010 2327 1122 2369 dam.
1189 2327 1383 2368 Diximus
1431 2327 1486 2369 de'
1523 2326 1604 2368 hoc
1644 2338 1723 2365 usu
1755 2323 1810 2364 ad

1008 2384 1263 2439 Euthydem.
1311 2399 1354 2439 p.
1395 2388 1494 2425 271.
1535 2385 1587 2425 A.
1631 2387 1675 2425 et
1713 2380 1813 2424 Me-

1009 2455 1105 2485 non.
1137 2456 1178 2497 p.
1212 2446 1279 2482 84.
1313 2442 1363 2483 E.

1067 2500 1119 2541 D.
1152 2499 1285 2540 δοκῶ
1302 2501 1396 2554 μὲν
1424 2496 1552 2554 γάρ,
1579 2493 1638 2538 vd
1673 2495 1812 2553 πρῶ-

1010 2571 1101 2598 τον
1139 2553 1409 2609 ευρέθη-
1425 2556 1443 2610 ]
1496 2556 1564 2597 De
1594 2554 1708 2595 δοκῶ
1736 2556 1812 2606 μέν

1011 2618 1158 2656 rectae
1177 2614 1356 2655 orationi
1372 2614 1608 2667 praemisso
1624 2611 1810 2665 explica-

1011 2677 1102 2712 tum
1143 2675 1210 2712 est
1250 2670 1306 2711 ad
1343 2671 1513 2713 Menon.
1553 2684 1596 2723 p.
1645 2674 1714 2708 94.
1754 2668 1808 2708 B.

1012 2733 1057 2769 et
1075 2728 1210 2780 Gorg.
1234 2741 1275 2781 p.
1304 2731 1401 2767 460.
1424 2729 1474 2767 A.
1535 2725 1722 2768 Temere
1744 2724 1812 2782 hic

1010 2784 1234 2825 turbarunt
1282 2784 1478 2824 codicum
1527 2787 1810 2833 correctores,

1010 2852 1191 2892 quorum
1230 2853 1378 2880 manus
1416 2839 1529 2894 apud
1581 2840 1812 2881 Platonem

1010 2896 1350 2966 frequentissime
1399 2908 1634 2950 agnoscere
1671 2896 1809 2937 liceat.

1068 2949 1285 3004 περὶτὰ
1315 2969 1410 3006 της
1435 2965 1507 3007 ψι·
1516 2950 1812 3008 χῆςμαθή-

1009 3006 1184 3066 ματα]
1228 3010 1287 3051 Η.
1320 3023 1356 3052 e.
1389 3011 1581 3052 artium
1612 3023 1671 3052 ac
1701 3010 1811 3051 dis-

1011 3067 1354 3121 ciplinarum,
1413 3080 1548 3121 quae
1591 3067 1658 3110 ad
1704 3067 1810 3109 ani-

1010 3136 1144 3165 mum
1204 3124 1558 3166 erudiendum
1613 3125 1807 3168 valent.

1011 3181 1111 3224 Quo
1141 3193 1270 3222 sensu
1308 3181 1380 3222 ubi
1417 3181 1549 3223 verba
1576 3183 1809 3236 acceperis,

1010 3250 1094 3279 non
1108 3238 1188 3279 crit
1206 3237 1322 3291 quod
1342 3238 1384 3280 in
1407 3238 1458 3279 iis
1477 3251 1576 3281 cum
1595 3239 1627 3282 S
1640 3239 1756 3281 chle
1773 3240 1810 3280 i-

1012 3307 1036 3336 e
1050 3308 1071 3335 r
1087 3308 1163 3335 ma
1174 3307 1197 3335 c
1211 3294 1235 3335 h
1249 3307 1340 3337 ero
1398 3295 1605 3338 offendas.
1699 3296 1811 3349 Spe-

1011 3356 1130 3393 ctant
1166 3355 1309 3395 autem
1359 3350 1464 3394 haec
1500 3353 1555 3395 ad
1594 3354 1812 3407 superiora

1009 3409 1104 3462 illa,
1144 3409 1296 3464 quibus
1333 3409 1551 3466 sophistae
1580 3424 1633 3455 ex
1660 3412 1811 3465 μαθη-
