2028 3750
224 245 294 295 94
870 236 1266 290 PLATONIS

225 384 360 461 μετὰ
403 383 504 442 τοῦ
548 381 842 449 αἰσθητοῦ.
887 386 947 435 αἱ
987 384 1088 451 μὲν
1129 374 1230 439 οὖν
1277 381 1570 452 αἰσθήσεις
1610 381 1682 440 τὰ
1729 383 1884 444 τοιοί-

227 476 284 527 δε
339 468 468 540 ἡμῖν
523 473 735 537 ἔχουσιν
791 461 1070 535 ὀνόματα,
1137 461 1294 542 ’ὄψεις
1347 489 1404 522 τε
1456 470 1548 523 καὶ
1587 466 1752 524 ἀκοαὶ
1789 473 1882 525 καὶ

226 554 515 629 ὀσφρήσεις
567 551 659 603 καὶ
713 543 901 623 ψύξεις
958 567 1014 600 τε
1053 549 1145 602 καὶ
1202 546 1412 612 καύσεις
1452 553 1544 604 καὶ
1584 548 1781 617 ἡδοναί
1821 574 1881 622 γε

227 636 294 703 δὴ
351 638 442 690 καὶ
492 634 661 697 λῦπαι
710 630 804 682 καὶ
854 633 1146 700 ἐπιθυμίαι
1200 635 1292 686 καὶ
1344 630 1514 706 φόβοι
1567 637 1882 704 κεκλημέναι

224 722 316 775 καὶ
371 713 563 778 ἄλλαι,
614 709 917 782 ἀπέραντοι
983 715 1083 783 μὲν
1142 718 1199 768 αἱ
1255 712 1558 785 ἀνώνυμοι,
1626 722 1882 788 παμπλη-

223 805 351 862 θεῖς
406 799 463 853 δὲ
517 800 577 850 αὶ
617 792 1026 866 ὠνομασμέναι·
1084 794 1147 851 τὸ
1192 795 1243 851 δ’
1294 789 1365 852 αὗ
1409 796 1687 865 αἰσθητὸν
1728 805 1883 871 γένος

223 882 436 938 τούτων
478 877 728 942 ἑκάσταις
769 875 1057 947 ὁμόγονον,
1099 875 1262 954 ὄψεσι
1301 883 1401 950 μὲν
1437 879 1702 951 χρώματα
1743 901 1884 939 παν·
1950 907 1954 910 ·

223 967 492 1027 τοδαπαῖς
560 959 926 1032 παντοδαπά,
994 960 1189 1027 ἀκοαῖς
1255 966 1312 1020 δὲ
1373 964 1627 1029 αςαύτως
1677 971 1876 1043 φωναί,

330 1161 375 1197 Β.
431 1153 516 1196 καὶ
548 1149 804 1204 καύσεις]
836 1155 941 1192 Ven.
975 1150 1088 1193 ΠΣ.
1119 1156 1215 1195 Par.
1247 1157 1339 1195 BC.
1366 1168 1435 1210 γρ.
1465 1150 1735 1210 θερμάνσεις.
1769 1159 1882 1207 quod

219 1218 432 1279 glossema
461 1213 786 1262 sopit.}1abet
816 1211 944 1249 etiam
973 1213 1065 1249 Rus.
1094 1214 1135 1251 2.

331 1266 588 1317 ἑκάσταις
629 1263 926 1322 ὁμόγονον]
966 1263 1141 1320 ἕκαοτῆς
1176 1268 1293 1308 Bodl.
1335 1269 1433 1309 vat

217 1470 268 1508 ut
309 1464 644 1509 συνεκπίπτουσα
680 1474 758 1512 pro
787 1462 899 1502 ’vero
929 1463 1008 1502 ha-

212 1527 397 1564 bendum
431 1523 503 1561 sit.
564 1523 658 1560 Nec·
679 1533 779 1560 vero
808 1521 888 1558 hoc
911 1529 1008 1558 vera-

214 1585 312 1622 bum
377 1581 617 1618 insolenter
684 1581 749 1617 est
805 1577 1007 1627 positum,

216 1637 552 1688 quandoquidem
595 1647 682 1673 non
719 1646 821 1673 raro
851 1633 1008 1673 dicitur

207 1699 304 1747 sie,
359 1699 406 1732 ut
456 1694 511 1731 sit
559 1693 712 1730 foras
762 1691 1004 1742 prodire,

218 1761 523 1799 erumpere,
555 1750 799 1789 evadere.
860 1749 1007 1795 ltaque

217 1810 424 1860 αἴσθησις
484 1805 643 1843 dicitur
707 1816 872 1852 semper
923 1815 1008 1841 una

215 1878 306 1904 cum
340 1862 534 1903 sensibili
574 1872 782 1912 apparere
811 1865 853 1900 et
882 1861 1005 1910 quasi

213 1922 428 1974 generari.

270 2033 333 2075 τὰ
373 2028 572 2075 τοιάδε
611 2026 738 2085 ἡμῖν
783 2029 1003 2082 ἔχουσιν

213 2087 490 2161 ὀνόματα,
561 2084 719 2141 ὄψεις
789 2100 845 2126 τε
909 2086 1002 2125 καὶ

212 2146 403 2197 ἀκοαὶ]
464 2144 729 2186 Nominativi
778 2141 899 2195 ὄψεις
933 2141 1002 2182 καὶ

211 2202 339 2245 ἀκοαὶ
382 2219 419 2246 κ.
460 2217 501 2245 τ.
547 2201 583 2240 λ.
620 2202 717 2240 ideo
763 2202 999 2250 ponuntur,

213 2265 313 2311 quia
351 2262 516 2311 ἔχουσιν
553 2254 747 2311 ὀνόματα
784 2258 896 2296 idem
933 2260 998 2295 est

214 2321 323 2368 quod
362 2313 654 2369 ὀνομάζονται.
695 2315 907 2354 Phaedon.
954 2326 993 2362 p.

214 2378 310 2416 102.
354 2378 399 2415 C.
448 2371 471 2411 ὃ
519 2369 713 2425 Σιμμίας
761 2370 997 2422 ἐπωνυμίαν

210 2431 296 2483 ἔχει
324 2426 504 2484 σμικρός
531 2441 577 2467 τε
615 2426 686 2466 καὶ
712 2429 846 2479 μέγας
875 2426 995 2466 εἶναι.

209 2489 457 2528 Ficinu·
487 2487 754 2531 olfactus
785 2488 995 2534 gustus,

209 2551 510 2592 tactusque
558 2542 885 2591 frigidorum
940 2546 993 2580 et

209 2603 533 2641 candui-,um
573 2598 991 2637 lndeCornorius

206 2660 430 2709 legendum
473 2655 685 2695 coniecit:
725 2653 797 2693 καὶ
834 2647 993 2707 ὀσφρή-

208 2730 298 2760 σεις
334 2714 407 2753 καὶ
444 2709 607 2766 γεύσεις
646 2708 715 2750 καὶ
755 2711 831 2750 θΓ
812 2723 892 2756 εις
921 2725 992 2749 και

205 2770 367 2823 ψύξεις.
430 2770 509 2809 Cui
541 2768 907 2807 Heindorfius
937 2769 988 2806 de

206 2843 258 2869 eo
289 2830 548 2877 assentitur,
579 2826 690 2875 quod
721 2826 764 2864 in
795 2825 871 2864 bac
886 2836 988 2863 sen·-

206 2899 327 2926 suum
365 2884 689 2923 enumeratione
723 2878 878 2933 γεύσεις
913 2882 988 2919 de-

204 2943 430 2991 sideravit,
470 2945 613 2979 tactus
653 2942 791 2978 nutem
822 2938 988 2988 signifi-

204 2999 416 3037 cationem
458 2998 501 3035 in
539 2996 704 3046 verbis,
744 3010 816 3034 και
841 2990 988 3047 ψύξεις

203 3067 249 3093 τε
280 3052 349 3092 καὶ
382 3048 547 3099 κατ’σεις
576 3053 790 3092 contineri
825 3053 989 3091 iudiea-

203 3111 280 3149 vit.
342 3112 430 3148 Nos
471 3122 524 3148 ne
565 3110 676 3149 istud
705 3102 863 3162 γεύσεις
891 3109 988 3157 qui·

205 3167 299 3205 dem
339 3177 445 3214 opus
484 3178 576 3204 esse
613 3170 826 3215 putamus.
877 3168 988 3206 Nam

203 3234 292 3262 non
337 3222 480 3272 agitur
518 3225 631 3260 certe
670 3223 739 3262 hic
775 3224 827 3262 de
862 3223 989 3272 plena

205 3278 396 3318 omnium
455 3289 674 3316 sensuum*
722 3280 991 3329 recensione,

203 3335 331 3375 sicuti
362 3338 539 3385 apparet
568 3334 695 3371 etiam
733 3348 787 3374 ex
818 3349 858 3384 p.
892 3338 987 3375 186.

203 3395 258 3432 Ι).
306 3393 378 3429 ubi
427 3391 574 3430 eadem
623 3402 729 3440 quae
766 3392 834 3433 hic
869 3392 986 3433 ratio

203 3454 413 3490 servatur.

1473 1271 1581 1308 ven.
1611 1266 1662 1309 11
1671 1266 1707 1312 Ξ
1715 1269 1769 1310 Σ.
1802 1269 1880 1311 alii

1146 1460 1239 1502 καὶ
1278 1456 1476 1532 ἡδοναί
1505 1461 1566 1518 ys
1595 1459 1655 1516 δὴ
1683 1463 1775 1505 καὶ
1809 1465 1878 1516 L]

1089 1518 1160 1559 Sic
1187 1522 1232 1572 γὲ
1271 1524 1314 1559 et
1353 1521 1400 1572 γὲ
1428 1515 1480 1571 δὴ
1519 1521 1564 1561 in
1595 1522 1880 1571 complurium

1086 1587 1232 1616 rerum
1272 1578 1526 1616 recensione
1565 1579 1763 1629 usurpari
1807 1592 1880 1619 so-

1087 1633 1170 1682 let,
1235 1634 1305 1671 ubi
1353 1646 1446 1673 cum
1502 1635 1542 1673 vi
1585 1639 1628 1674 et
1666 1637 1879 1686 gravitate

1087 1691 1265 1738 quadam
1297 1691 1489 1729 diversae
1518 1694 1568 1731 ab
1583 1693 1765 1741 reliquis
1795 1706 1876 1733 no·

1087 1746 1228 1786 tiones
1285 1748 1486 1796 deinceps
1551 1755 1876 1792 enumerantur.

1087 1803 1324 1853 Xenoph.
1361 1807 1486 1846 Mem.
1530 1807 1560 1843 1.
1604 1809 1653 1855 2,
1695 1809 1760 1846 53.
1793 1801 1872 1860 ἐγῶ

1087 1855 1132 1900 (5'
1165 1855 1299 1901 αιῗτόν
1326 1857 1422 1900 οἶδα
1456 1863 1531 1915 μὲν
1565 1859 1635 1901 καὶ
1663 1861 1762 1916 περι
1789 1877 1874 1903 πα-

1085 1918 1217 1982 *ts—(mv
1251 1930 1296 1957 τε
1335 1917 1406 1957 καὶ
1442 1917 1525 1958 τῶν
1559 1915 1691 1958 ἄλλων
1724 1932 1873 1974 συγγε-

1084 1974 1166 2013 νῶν
1214 1987 1259 2013 τε
1302 1973 1371 2013 και
1420 1972 1515 2028 περι
1563 1974 1691 2041 φίλων
1732 1976 1872 2017 ταῦτα

1083 2028 1286 2097 λεγοντα,
1334 2029 1405 2069 καὶ
1449 2030 1558 2083 ποὸς
1604 2027 1778 2078 τούτοις
1823 2047 1872 2086 γε

1081 2085 1159 2139 δή,
1205 2083 1275 2126 ὅτι
1319 2102 1352 2125 κ.
1393 2104 1434 2128 τ.
1474 2087 1513 2127 λ.
1554 2090 1786 2128 Oeconom.
1829 2093 1868 2142 5,

1082 2147 1149 2183 20.
1179 2139 1286 2196 ὑπὲρ
1302 2141 1506 2210 ὑγρῶν-
1527 2142 1597 2183 καὶ
1623 2141 1727 2201 ὑπὲρ
1759 2119 1872 2184 πάν-

1078 2205 1173 2240 των
1191 2214 1237 2253 γε
1264 2194 1316 2252 δη
1346 2199 1428 2240 τῶν
1463 2196 1700 2254 κτημάτων.
1759 2204 1871 2243 Vide

1079 2269 1187 2306 quae
1216 2259 1267 2295 de
1306 2258 1452 2296 eodem
1495 2270 1574 2297 usu
1614 2259 1791 2298 voculae
1820 2273 1869 2312 γε

1076 2315 1318 2352 notavimus
1341 2315 1389 2352 ad
1423 2314 1550 2363 nipp.
1583 2316 1678 2354 mai.
1710 2329 1748 2365 p.
1769 2319 1865 2357 3⁰1.

1074 2373 1126 2415 A.
1173 2375 1216 2410 et
1251 2373 1431 2423 Apolog.
1473 2374 1598 2415 Socr.
1636 2385 1674 2423 p
1709 2374 1778 2414 34.
1810 2376 1864 2414 D.

1129 2482 1184 2522 τί
1219 2480 1300 2552 δὴε
1311 2479 1407 2525 οὖν
1436 2479 1559 2538 ἡμῖν
1590 2478 1865 2536 βούλεται

1071 2535 1235 2584 οὗτος
1276 2536 1300 2579 ὅ
1341 2541 1527 2594 μῦθος
1554 2560 1611 2571 -—
1628 2540 1764 2608 πρόῥἱ
1797 2537 1863 2583 vei

1071 2597 1173 2665 πρ.]
1199 2600 1360 2647 cratyl.
1384 2611 1423 2646 p.
1440 2599 1535 2638 395.
1554 2599 1598 2641 Β
1621 2593 1648 2636 ὁ
1665 2594 1864 2648 βούλεται

1070 2650 1093 2691 ὃ
1134 2649 1321 2706 Ἀτρεύς,
1381 2655 1508 2702 quid
1558 2655 1666 2693 sihi
1715 2656 1862 2694 velit

1071 2710 1226 2749 Atrei
1270 2722 1472 2751 nomen.
1514 2733 1567 2741 —
1623 2711 1760 2764 πρὸς
1796 2707 1856 2751 vd

1069 2761 1328 2820 πρότερα.
1396 2765 1605 2816 intelligit
1658 2768 1862 2818 superio-

1067 2833 1159 2863 rem
1191 2824 1306 2862 illam
1339 2824 1672 2872 disputationem
1702 2837 1742 2875 p.
1764 2827 1858 2865 152.

1071 2885 1118 2921 C.
1147 2892 1236 2930 sqq.
1268 2882 1338 2924 ubi
1366 2882 1446 2920 vim
1478 2884 1758 2930 naturamque
1787 2893 1859 2921 re-

1068 2950 1163 2977 rum
1211 2941 1327 2976 motu
1367 2938 1579 2977 contineri
1625 2939 1854 2977 iudicabat.

1069 2997 1134 3034 De
1173 2996 1350 3034 nomine
1380 2993 1524 3047 μῦθος
1561 2993 1674 3034 dixit
1703 2997 1855 3045 Vvyt-

1069 3052 1321 3091 tenbach.
1363 3053 1413 3090 nd
1452 3051 1664 3094 Phaedon.
1704 3064 1743 3100 p.
1783 3052 1852 3092 ⁶1.

1066 3110 1116 3149 Β.
1145 3118 1272 3159 =p.
1307 3109 1389 3147 12¹1
1419 3120 1505 3159 sqq.
1536 3107 1603 3148 ed.
1634 3110 1727 3148 Bat.

1125 3218 1258 3262 ὅσον
1294 3219 1383 3274 μὲν
1430 3215 1524 3262 οὖν
1571 3214 1761 3273 βραδύ,
1797 3219 1850 3259 ἐν

1067 3275 1140 3329 τῷ
1193 3273 1332 3329 αὐτῷ
1368 3276 1453 3330 -J
1517 3275 1742 3316 Praeclare
1797 3278 1851 3316 de

1067 3336 1149 3374 hoc
1184 3335 1280 3373 loco
1319 3334 1475 3373 meruit
1525 3332 1850 3385 Carnarius,

1069 3391 1140 3439 qui
1160 3395 1286 3430 acute
1307 3389 1546 3440 perspexit,
1566 3389 1692 3427 verba
1714 3400 1739 3426 a
1769 3403 1850 3428 no-

1067 3448 1133 3489 bis
1191 3447 1310 3488 uncis
1364 3448 1532 3487 inclusa
1574 3446 1740 3495 requiri
1795 3447 1849 3488 ad
