2028 3750
727 199 742 222 O

247 243 316 294 16
414 256 422 279 1
827 227 1350 287 PROLEGOMENA

244 382 425 434 solet.'
474 371 940 447 Μισθαρνευτική
995 371 1159 427 autem
1228 378 1414 443 duplex
1472 376 1668 429 secerni
1721 383 1917 444 potest.

243 455 374 505 Nam
404 452 484 501 vel
521 452 679 516 gratia
725 449 786 498 fit
836 455 890 499 et
937 449 1207 516 xoluptatis
1255 458 1487 514 tanquam
1537 465 1706 499 escam
1749 449 1919 510 habet,

243 525 377 574 unde
432 523 527 572 sibi
576 522 811 569 alimenta
859 535 953 586 pro
1004 520 1241 569 mercede
1301 524 1593 586 comparet,
1655 535 1783 584 quae
1836 526 1919 569 est

244 586 506 654 κολακική
552 593 793 655 quaedam
841 594 945 640 sive
991 584 1284 654 ἡδυντική·
1343 597 1430 643 aut
1475 593 1712 640 xix-tutem
1744 591 1919 655 ,profi-

242 672 381 716 tetur
425 678 585 727 eaque
632 662 955 727 professione
1022 663 1144 712 alios
1208 663 1272 711 ad
1331 678 1409 726 se*
1449 663 1653 711 allicere
1698 665 1920 712 conatur.

240 738 312 785 Et
347 740 654 801 postremam
692 735 893 798 quidem
941 738 1099 782 artem
1145 739 1354 799 apparet
1401 749 1520 782 esse
1577 732 1918 796 sophisticam.

240 807 339 856 Est
387 807 542 870 igitur
592 821 651 853 ea
712 804 985 853 secundum
1045 805 1172 853 hanc
1231 810 1451 853 nostram
1502 804 1918 869 disceptationem

239 878 438 927 venatio
475 877 717 941 quaedam
752 878 980 924 iuvenum
1024 875 1228 924 divitum
1275 881 1328 923 et
1378 876 1644 936 nobilium,
1690 888 1817 939 quae
1859 873 1921 922 fit

228 965 336 1015 per
372 953 532 997 artem
569 947 888 1008 conciliandi,
927 948 1219 1011 subigendi,
1265 946 1505 1008 venandi,
1550 946 1671 995 alias
1710 944 1918 1009 similes.

243 1021 361 1082 Quo·
393 1020 507 1084 ipso
561 1019 862 1082 intelligitur
919 1027 1144 1067 naturam
1180 1017 1449 1082 Sophistae
1504 1034 1532 1065 a
1580 1010 1726 1065 nobis
1765 1017 1918 1064 etiam

240 1092 423 1141 clarius
462 1106 605 1153 quam
648 1095 795 1137 antea
833 1104 948 1137 esse
983 1094 1300 1154 perspectam
1360 1089 1442 1153 (Ρ.
1480 1088 1603 1138 223.
1641 1086 1740 1152 Β).
1812 1075 1828 1105 X

379 1161 714 1210 Nihilominus
766 1162 973 1209 tertium
1018 1160 1080 1207 de
1138 1174 1199 1208 eo
1257 1159 1523 1208 videndum
1580 1163 1694 1214 est,
1754 1156 1918 1220 inquit

238 1232 430 1297 hospes
484 1231 755 1280 Eleaticus.
839 1231 964 1279 Nam
1013 1234 1123 1290 ars,
1185 1230 1324 1279 cuius
1387 1230 1473 1278 ille
1518 1234 1600 1278 est
1643 1230 1917 1294 particeps,

238 1303 503 1354 admodum
550 1303 683 1350 varia
733 1305 813 1350 est
877 1317 935 1349 ac
1001 1297 1287 1365 multiplex,
1342 1301 1705 1364 videbaturque
1757 1314 1919 1364 paene

237 1383 386 1424 antea
421 1390 521 1423 non
558 1374 617 1421 ad
653 1373 774 1421 illud
814 1388 971 1436 genus
1010 1374 1296 1437 pertinere,
1349 1372 1408 1420 ad
1458 1372 1588 1435 quod
1629 1387 1742 1419 eum
1778 1374 1917 1418 retu-

238 1447 403 1495 limus.
466 1445 775 1510 Repetamus
813 1444 970 1508 igitur
1006 1444 1184 1492 artium
1215 1443 1506 1491 divisionem
1543 1443 1661 1491 inde
1696 1441 1758 1490 ab
1796 1457 1917 1501 κτη-

237 1516 577 1590 vtx17.Erat
610 1516 738 1563 haec
777 1514 1010 1578 duplicis
1030 1515 1259 1578 generis,
1298 1529 1394 1562 una
1427 1501 1709 1571 venatoria,
1759 1511 1918 1560 altera

237 1573 608 1654 permutatione
654 1586 767 1634 fieri
817 1585 993 1645 solita,
1044 1586 1151 1634 sive
1203 1578 1517 1645 ἀλλακτικη
1597 1575 1917 1644 Ἀλῑακτική

231 1669 412 1708 rursus
450 1662 681 1721 tanquam
722 1661 912 1739 partes
932 1656 1028 1704 sibi
1076 1655 1327 1705 subiectas
1372 1655 1527 1703 habet
1576 1648 1640 1704 τὸ
1692 1651 1918 1720 δωρητι-

237 1725 353 1790 κόν,
373 1730 725 1812 donationem,
765 1732 818 1775 et
851 1720 915 1777 τὸ
955 1721 1328 1794 ἀγοραστικόν
1357 1727 1462 1775 sive
1498 1741 1593 1774 ne«
1563 1721 1918 1805 ²,otiationem3

234 1820 299 1853 το
351 1794 722 1868 ἀγοραστικόν
779 1813 902 1847 vero
951 1798 1305 1883 complectitur
1361 1813 1462 1859 την
1518 1760 1918 1856 αύτοπωλικήν,

234 1874 342 1923 sive
388 1875 720 1919 mercaturam
769 1881 974 1931 eorum,
1039 1870 1124 1934 qui
1170 1869 1269 1934 ipsi
1321 1868 1658 1927 fabricantur,
1715 1872 1770 1915 et
1817 1858 1919 1927 τὴν

233 1935 665 2012 μεταβλητικήν,
717 1957 844 2006 quae
893 1941 1166 1990 alienorum
1215 1956 1427 2005 operum
1476 1939 1747 1987 emtionem
1796 1950 1917 1985 ven-

235 2016 578 2078 ditionemque
615 2019 832 2062 exercet.
906 2011 1010 2061 Sed
1054 2009 1456 2078 μεταβλητικῆς
1501 2010 1772 2059 discrimen
1819 2007 1919 2056 hoc

233 2091 350 2148 est,
405 2084 539 2150 quod
585 2083 666 2132 vel
715 2085 768 2133 in
803 2098 900 2132 una
935 2083 1061 2132 urbe
1096 2083 1318 2133 instituit
1365 2081 1717 2130 commercium
1768 2083 1919 2141 atque

230 2159 306 2207 ita
354 2157 662 2205 institutoria
708 2154 1022 2220 appellatur3
1068 2153 1149 2202 tel
1201 2169 1263 2201 ex
1310 2151 1406 2202 alia
1446 2153 1495 2201 in
1545 2151 1688 2200 aliam
1740 2151 1919 2198 urbem

239 2229 424 2293 migrat
465 2225 742 2276 vendendi
767 2241 972 2287 caussa,
1031 2240 1158 2289 quae
1218 2228 1298 2273 est
1359 2239 1441 2272 ars
1489 2217 1759 2290 ἑμπορικη
1814 2221 1919 2269 sive

235 2299 554 2348 mercatoria.
649 2297 822 2361 ltaque
877 2298 975 2346 iam
1037 2288 1308 2364 ὲμπορική
1365 2293 1711 2359 dispertienda
1766 2291 1919 2342 venit.

238 2371 381 2432 Quae
419 2370 617 2432 quidem
656 2366 916 2418 commode
952 2365 1180 2418 bifariam
1215 2365 1477 2426 dividitur,
1531 2365 1701 2431 prouti
1748 2362 1920 2411 vendit

239 2442 320 2489 vel
357 2455 443 2500 ea,
483 2441 661 2503 quibus
701 2453 884 2502 corpus
921 2438 1071 2487 alitur
1107 2453 1166 2486 ac
1204 2442 1543 2496 sustentatur,
1578 2435 1658 2482 vel
1692 2449 1766 2491 ea,
1807 2433 1917 2496 qui-

237 2512 333 2562 bus
383 2512 607 2576 pascitur
651 2511 856 2559 animus.
944 2508 1167 2558 Alteram
1218 2508 1347 2556 hanc
1393 2507 1500 2555 eius
1549 2510 1744 2570 partem
1796 2504 1919 2552 oriri

235 2598 299 2631 ex
345 2580 585 2652 μουσικῇ
631 2580 951 2629 manifestum
997 2584 1104 2640 est,
1168 2579 1308 2627 cuius
1367 2577 1507 2641 quasi
1561 2590 1759 2624 merces
1817 2588 1918 2625 non

236 2654 400 2703 minus
437 2668 531 2717 per
567 2653 718 2700 urbes
743 2653 1077 2715 importantur
1114 2654 1167 2698 et
1203 2654 1548 2714 exportantur,
1587 2662 1733 2711 quam
1768 2660 1919 2694 escu-

234 2725 374 2774 lenta
421 2729 571 2788 atque
617 2723 894 2788 potulenta.
968 2721 1066 2771 Est
1116 2721 1273 2784 igitur
1322 2731 1714 2787 ψυχεμπορικη
1763 2730 1917 2781 quae-

235 2797 387 2857 dam,
443 2795 488 2844 si
535 2796 606 2843 ita
665 2794 835 2843 dicere
884 2790 1017 2842 licet.
1112 2791 1274 2840 Huius
1333 2790 1519 2856 duplex
1572 2792 1653 2837 est
1700 2788 1917 2852 specim,

231 2860 755 2933 μαθηματοπωλινη
793 2864 984 2922 altera,
1033 2878 1160 2926 quae
1194 2863 1417 2928 pertinet
1452 2860 1513 2910 ad
1549 2861 1729 2908 artium
1766 2859 1918 2908 disci-

234 2939 428 3000 plinas;
464 2937 651 2998 altera,
689 2951 817 3000 quae
853 2935 915 2984 ad
950 2935 1187 2983 virtutem
1223 2932 1469 2982 refertur.
1543 2930 1698 2980 Cuius
1732 2944 1915 2978 nomen

236 3009 279 3055 si
322 3009 631 3071 quaerimus,
674 3023 773 3056 non
820 3005 955 3055 aliud
1001 3011 1143 3054 certe
1176 3004 1373 3053 videtur
1410 3019 1554 3065 esse,
1599 3017 1747 3065 quam
1792 3000 1914 3049 artis

235 3080 558 3141 sophisticae.
629 3079 725 3127 Est
771 3078 924 3142 igitur
972 3075 1211 3141 Sophista
1257 3076 1456 3124 virtutis
1505 3089 1689 3138 caupo.
1742 3086 1912 3135 quam-

234 3164 380 3211 quam
415 3152 563 3198 etiam
601 3166 743 3210 eum,
793 3149 877 3212 qui
923 3148 1101 3196 artium
1141 3162 1198 3195 ac
1239 3146 1610 3211 disciplinarum
1662 3146 1910 3191 mercatu·

232 3233 339 3267 ram
378 3220 530 3280 facit,
567 3220 856 3284 Sophistam
894 3218 1150 3284 appellare
1186 3216 1360 3266 licebit
1399 3212 1481 3284 (P.
1511 3214 1630 3263 224.
1666 3209 1769 3280 E..)

376 3289 566 3339 Verum
626 3291 723 3340 alio
780 3291 931 3339 etiam
981 3289 1131 3339 modo
1193 3304 1303 3336 rem
1351 3286 1684 3352 dispiciamus.
1767 3280 1911 3331 Artis

235 3360 524 3424 acquirendi
564 3377 678 3425 pars
719 3363 959 3423 quaedam
1011 3363 1120 3409 erat
1165 3360 1309 3408 nobis
1359 3353 1756 3412 concertatoria,
1806 3353 1912 3402 sive

230 3426 580 3498 ἀγωνιστικη.
651 3430 782 3480 Hinc
826 3433 982 3497 igitur
1030 3430 1412 3498 proficiscentes
1447 3443 1541 3495 age
1577 3424 1910 3489 experiamur,
