2028 3750
713 186 804 240 AD
842 183 1248 241 soPmSTAM.
1752 191 1825 240 49

141 327 295 396 igitur
319 323 471 381 'hunc
496 359 499 363 ⁴
522 329 575 380 in
620 325 824 379 modum
868 328 1156 395 disputare:
1225 330 1346 391 „At
1388 344 1541 391 vero,
1589 330 1725 395 quod
1760 345 1822 380 ex

139 401 237 460 hac
274 397 475 466 quidem
518 405 665 465 parte
699 402 1020 466 perspicuum
1055 416 1173 450 esse
1218 407 1273 450 et
1307 412 1426 450 vero
1463 417 1492 452 a
1528 415 1610 450 me
1646 403 1820 467 dispu-

141 479 301 522 tatum
337 475 446 523 siue
496 472 596 520 ulla
633 472 947 522 dubitatione
983 473 1401 533 confirmaverim,
1450 488 1512 522 ex
1547 472 1705 522 altera
1742 480 1820 522 ta·—

139 559 254 592 men
315 560 380 592 ne
443 543 516 592 sic
566 543 765 606 quidem
814 544 876 592 ab
929 543 1064 592 omni
1117 542 1234 592 labe
1289 544 1508 592 immune
1561 545 1821 593 videturd*

139 614 299 663 Hem!
348 615 519 678 quidni
555 629 696 674 vero,
733 630 881 677 quum
917 614 1040 662 illud
1078 614 1187 662 sine
1215 614 1522 663 dubitatione
1559 631 1587 664 a
1623 630 1681 663 se
1717 616 1821 664 dis-

140 690 372 750 putatum
420 699 537 734 esse
584 684 732 734 modo
769 684 1032 750 professus
1070 685 1175 733 sit?
1244 674 1547 750 Respondet*
1582 685 1644 734 ad
1691 685 1822 734 baec
1909 732 1913 735 ,

141 757 230 805 sic.
301 755 476 817 „Nam
513 756 558 805 si
594 756 657 804 ad
694 756 984 820 Sophistam
1019 759 1073 804 et
1094 754 1363 804 Politicnm
1394 755 1573 819 pedem
1609 757 1821 821 propius

141 826 490 888 conferamus,
538 825 738 875 Politici
778 826 1002 875 videmus
1054 827 1239 875 exitum
1275 824 1400 875 nihil
1434 827 1494 874 ad
1533 828 1822 877 distinctio-

140 913 259 947 nem
301 899 433 947 inter
479 913 652 946 verum
700 901 754 945 et
787 897 969 945 falsum
1004 896 1262 960 politicum
1302 898 1589 960 pertinere,
1642 897 1733 948 sed
1767 898 1822 948 in

141 969 348 1018 alterius
399 968 567 1018 officio
622 968 940 1032 depingendo
979 968 1256 1016 orationem
1293 969 1362 1016 ita
1397 971 1613 1030 versari,
1659 974 1717 1018 ut
1755 968 1820 1017 de

124 1039 258 1088 >falsi
291 1044 470 1088 natura
502 1037 626 1087 nihil
660 1039 871 1103 amplius
909 1038 1187 1096 discamus3
1224 1043 1278 1085 ct
1316 1049 1523 1102 prorsus
1554 1040 1704 1088 simili
1738 1056 1822 1089 ra-

141 1112 280 1159 tione
313 1111 364 1159 iu
388 1109 628 1175 Sophista
661 1108 727 1157 de
763 1109 1048 1157 discrimine
1083 1108 1283 1172 quidem
1323 1109 1612 1173 philosophi
1647 1115 1701 1159 et
1737 1126 1820 1160 so-

141 1182 343 1246 phistae
387 1186 647 1246 peractum
696 1186 840 1241 esse,
890 1181 982 1228 sed
1027 1195 1086 1227 ea
1139 1178 1202 1227 de
1236 1195 1321 1239 re,
1375 1180 1818 1243 philosophus

124 1250 293 1316 ,quid
341 1267 459 1317 per
506 1266 579 1301 se
624 1251 743 1312 sit,
779 1250 955 1300 literas
1005 1251 1204 1298 omnino
1242 1251 1511 1300 conticere.
1532 1253 1566 1278 ‘⁸
1636 1250 1819 1301 Parum

143 1325 435 1372 constanter
482 1321 717 1386 profecto
762 1323 890 1371 haec
938 1323 1008 1370 ita
1058 1321 1388 1386 disputantur.
1460 1320 1573 1371 Non
1624 1324 1818 1387 urgebo

145 1394 339 1453 omnia3
384 1408 557 1442 verum
598 1392 726 1442 illud
772 1394 854 1442 cui
887 1408 984 1440 non
1020 1393 1199 1441 mirum
1235 1392 1454 1451 accidat,
1493 1393 1627 1457 quod
1664 1410 1816 1457 quum

140 1463 288 1513 Plato
338 1471 486 1513 antea
534 1463 729 1512 dicatur
772 1464 821 1512 in
868 1463 1109 1527 Sophiste
1156 1478 1351 1511 omnem
1399 1462 1463 1511 de
1515 1463 1818 1529 philosopho

143 1535 531 1599 disputationem
579 1535 956 1600 anticipavisse,
1014 1540 1207 1583 tamen¹
1237 1549 1368 1583 nunc
1421 1534 1472 1583 in
1520 1535 1633 1598 ipso
1683 1537 1819 1584 exitu

145 1607 330 1670 dialogi
364 1606 490 1655 illud
523 1606 691 1670 ipsum
743 1606 1017 1655 desiderari
1048 1604 1259 1665 dicitur,
1306 1611 1362 1653 ut
1398 1604 1513 1669 quid
1549 1607 1616 1655 sit
1653 1606 1819 1670 philo-

146 1677 338 1740 sophus
385 1677 434 1724 vi
478 1682 532 1724 et
573 1681 751 1725 natura
797 1693 912 1735 sua,
963 1682 1192 1724 accurata
1228 1675 1563 1740 disputatione
1602 1678 1818 1742 explica-
1860 1676 1864 1681 “

144 1753 252 1797 tum
287 1748 523 1811 legatur?
591 1747 837 1796 Nimirum
882 1747 980 1796 hae
1027 1753 1142 1795 sunt
1177 1762 1347 1796 merae
1383 1749 1636 1811 argutiae,
1691 1764 1819 1812 quae

147 1834 383 1882 quorsum
423 1833 660 1866 evasurae
706 1819 833 1879 sint,
879 1819 977 1867 iam
1023 1818 1123 1882 ipsi
1157 1817 1390 1883 legentes
1425 1818 1574 1866 facile
1607 1835 1820 1883 augura-

145 1890 353 1941 buntur.
423 1888 695 1937 Enimvero
743 1894 851 1938 tota
896 1889 995 1937 ista
1037 1889 1310 1954 disputatio
1348 1904 1409 1937 eo
1449 1888 1663 1954 denique
1699 1906 1817 1955 per-

145 1962 307 2020 tinet,
351 1963 410 2008 ut
454 1959 773 2021 ostendatur,
813 1976 901 2009 cur
935 1957 1081 2009 Plato
1117 1961 1324 2025 proprie
1362 1960 1559 2023 quidem
1598 1975 1696 2009 non
1731 1961 1819 2009 de-

144 2031 316 2082 buerit
365 2031 701 2079 necessarium
750 2037 928 2096 putare
975 2031 1279 2096 peculiarem
1333 2030 1516 2079 librum
1553 2032 1617 2080 de
1654 2033 1821 2097 philo-

145 2102 310 2166 sopho
360 2102 538 2162 scribi3
599 2102 692 2152 sed
736 2108 906 2151 tamen
952 2107 1155 2168 praeter
1202 2103 1558 2151 necessitatem
1607 2108 1660 2151 et
1706 2103 1820 2167 quia

146 2172 264 2238 quid
291 2172 643 2237 ,philosophus
701 2188 795 2236 per
850 2189 907 2222 se
954 2178 1093 2223 esset
1148 2188 1248 2222 non
1304 2173 1712 2237 significavisset,
1769 2174 1821 2222 in

145 2244 502 2308 scriptionibus
536 2259 637 2293 uon
670 2244 721 2292 id
756 2245 920 2310 ipsum
956 2245 1218 2309 agentibus
1258 2245 1418 2308 iisque
1446 2243 1670 2309 pluribus
1707 2244 1820 2308 phi·

145 2314 347 2380 losophi
409 2315 632 2380 speciem
695 2319 749 2363 et
819 2316 1084 2380 imagInem
1137 2315 1432 2365 adumbrare
1488 2316 1819 2363 constituerit.

145 2386 320 2451 Itaque
357 2385 453 2434 iam
490 2387 691 2435 tandem
739 2385 811 2435 sic
846 2387 1019 2436 finitur
1053 2387 1433 2452 argumentatio,
1505 2386 1691 2447 „Hanc
1725 2386 1822 2450 igi:

146 2462 230 2507 tur
280 2461 474 2521 partem
533 2462 620 2506 aut
665 2459 1073 2522 praetermissam
1119 2473 1148 2507 a
1194 2457 1403 2507 Platone
1453 2457 1671 2506 dicamus
1719 2463 1822 2518 aut,

147 2528 357 2592 siquid
373 2544 464 2576 em
509 2530 588 2576 rei
633 2529 864 2592 inceptae
901 2525 1000 2597 (⁶²)
1046 2530 1256 2593 aliquam
1305 2528 1670 2577 absolutionem
1723 2544 1821 2576 ex-

147 2603 503 2664 pectemus,
542 2598 693 2647 etiam
727 2600 822 2647 alio
860 2601 972 2649 loco
1009 2616 1298 2664 quaeramus
1336 2614 1397 2647 eo
1433 2600 1589 2662 magis
1612 2614 1823 2647 necesse

149 2675 257 2729 est,
296 2670 408 2732 quia
445 2668 592 2716 Plato
629 2670 740 2733 ipse
774 2671 1111 2720 instituendae
1147 2671 1210 2719 de
1245 2671 1550 2735 philosopho
1589 2667 1821 2731 disquisi-

146 2740 300 2789 tionis
337 2739 720 2804 promissionem
754 2741 806 2789 in
852 2741 1023 2789 fronte
1062 2741 1262 2789 Politici
1296 2742 1499 2789 disertis
1536 2740 1702 2787 verbis
1738 2756 1822 2788 re-

147 2810 373 2875 petendo
419 2809 682 2859 etiamtum
724 2810 987 2872 indicavit,
1035 2812 1130 2859 sibi
1174 2811 1302 2859 hanc
1335 2825 1443 2859 rem
1480 2810 1682 2858 uberius
1717 2814 1822 2857 tra·-

149 2886 290 2929 ctare
336 2881 387 2928 in
436 2880 598 2928 animo
652 2894 780 2928 esse.
852 2882 961 2943 Qua
991 2882 1041 2929 in
1074 2897 1134 2928 re
1170 2881 1389 2929 divinum
1424 2881 1532 2930 eius
1569 2880 1823 2945 ingenium

148 2952 333 3000 iterum
369 2950 582 2998 mirifice
619 2965 676 2999 se
714 2950 955 3000 extulisse
991 2951 1326 3001 confitendum
1363 2955 1458 3011 est,
1497 2951 1598 3014 qui,
1635 2964 1822 3014 quum

150 3023 460 3070 omittere
508 3024 773 3086 posset,
821 3022 885 3071 id
929 3022 1092 3086 quod
1140 3022 1585 3086 gravissimum
1620 3021 1717 3070 sihi
1750 3021 1823 3070 vi-

150 3094 261 3142 deri
296 3091 527 3151 deberet,
562 3090 626 3140 de
661 3106 780 3140 vero
805 3092 1109 3157 philosopho
1142 3091 1421 3157 exponendi
1455 3107 1650 3153 munuS,
1685 3108 1824 3141 cum-

151 3180 250 3227 quc
287 3162 436 3212 simul
482 3162 790 3227 intelligeret
822 3163 970 3213 liuius
1007 3165 1082 3213 rei
1118 3163 1493 3228 amplitudinem
1539 3168 1594 3212 et
1627 3164 1825 3228 copiam

150 3234 283 3284 intra
316 3234 461 3283 unius
508 3234 639 3281 certi
673 3233 860 3298 dialogi
903 3234 1086 3284 limites
1134 3233 1562 3298 comprehendere
1609 3233 1824 3283 alienum

151 3319 297 3364 esse,
348 3320 457 3352 rem
492 3304 564 3352 sic
598 3304 918 3367 institueret,
969 3310 1026 3354 ut
1076 3304 1287 3354 alteram
1321 3303 1670 3370 disputationis
1707 3319 1824 3369 par-

151 3380 259 3426 tem
311 3373 580 3439 Sophistae
629 3376 939 3441 applicaret,
974 3377 1107 3427 unde
1143 3375 1433 3443 philosophi
1468 3375 1735 3427 discrimen
1770 3377 1825 3423 et

223 3471 335 3515 Plat.
368 3471 474 3526 Opp.
504 3470 599 3514 Vol.
631 3471 744 3516 vm.
780 3471 899 3514 Sect.
931 3471 985 3514 11.
1385 3459 1423 3510 4
