2028 3750
204 222 278 272 38
672 259 675 262 -
784 223 1305 277 PROLEGOMENA

207 365 250 414 B
287 362 440 432 sqq).
513 337 583 416 Et
626 367 712 417 hic
755 367 954 430 quidem
1007 368 1116 416 eius
1169 368 1418 416 sententia
1452 369 1754 432 gravissimis
1784 371 1876 420 im·-

208 444 457 502 puguatur
491 439 817 502 argumentis.
890 439 1188 487 ostenditur
1225 440 1356 487 enim
1392 441 1719 489 subtilissime
1772 456 1878 502 eos,

118 573 122 584 .
210 509 296 570 qui
326 523 479 557 unum
515 525 604 557 ens
641 514 894 568 statuant,
943 510 1145 559 sibimet
1195 502 1323 574 ipsis
1359 510 1610 560 adversari
1648 527 1707 559 uc
1740 528 1879 562 suam

207 578 432 641 ipsorum
477 580 723 628 rationem
781 584 1036 629 everteret
1098 597 1246 644 quum
1293 581 1425 631 enim
1467 598 1622 632 unum
1680 583 1879 632 absolu·-

208 653 416 711 tumque
459 650 566 698 Ens
612 666 730 699 esse
775 652 972 711 dicant,
1031 659 1198 700 tamen
1244 651 1408 700 eidem
1454 654 1594 719 ipsos
1651 655 1784 701 varia
1830 658 1884 701 et

207 719 365 838 ηιιέΙῐιι
398 721 710 784 attribuere,
763 722 896 790 quod
943 724 1155 772 maxime
1203 728 1395 790 pugnet
1442 740 1554 775 cum
1589 724 1702 773 talin
1739 723 1885 775 Entis

204 805 268 839 na
295 805 398 838 ura.

347 887 418 943 Et
452 894 760 962 postremam
805 890 1007 957 quidem
1054 892 1351 943 sententiam
1386 890 1532 941 Plato
1567 893 1771 945 uberius
1809 895 1886 940 et-

208 958 307 1013 iam
346 963 601 1014 exornavit
637 967 816 1028 postea
851 964 903 1012 in
938 964 1237 1013 Parmenide
1273 980 1321 1028 p.
1356 962 1469 1013 1:57.
1509 963 1563 1013 G.
1587 991 1653 1001 -—-
1676 963 1792 1012 142.
1828 962 1886 1012 B.

209 1031 298 1080 ubi
334 1033 635 1093 ostenditur,
674 1034 738 1082 Si
786 1033 839 1082 U
843 1051 985 1084 num
1024 1036 1139 1097 sit,
1177 1033 1347 1084 nihil
1385 1048 1543 1084 esse.
1613 1035 1885 1083 Enimvero

213 1101 345 1165 quod
391 1103 462 1152 ibi
511 1100 576 1154 τὸ
625 1107 680 1155 ἕν
735 1112 971 1167 vocatur,
1021 1108 1154 1155 idem
1204 1106 1352 1170 plane
1399 1110 1479 1154 est
1529 1105 1661 1170 quod
1697 1106 1747 1154 in
1785 1106 1886 1153 hoc

212 1173 484 1238 Sophistae
533 1175 646 1224 loco
696 1170 760 1226 τὸ
801 1170 881 1227 ὄν.
953 1177 1254 1243 Intelligitur
1306 1179 1477 1225 autem
1523 1177 1770 1225 infinitum
1805 1191 1885 1224 es·-

212 1246 409 1294 sentiae
455 1247 754 1316 principium
800 1263 951 1319 supra
1000 1265 1172 1298 omnes
1221 1264 1395 1297 eorum
1444 1263 1571 1312 quae
1617 1251 1788 1296 extant
1835 1251 1889 1295 et

214 1315 354 1364 finita
392 1323 509 1366 sunt
543 1320 766 1372 rationes
805 1326 858 1366 et
895 1320 1214 1370 condiciones
1254 1320 1465 1379 elatum,
1521 1320 1624 1368 sive
1661 1318 1890 1368 absoluta

214 1402 384 1439 merae
408 1390 661 1439 essentiae
684 1390 891 1456 positio,
929 1388 1184 1454 quae'ncc
1220 1390 1450 1439 adiuncta
1487 1391 1582 1438 sibi
1616 1390 1773 1438 habet
1808 1405 1894 1438 re-

213 1474 326 1507 rum
370 1461 655 1524 praedicata
701 1476 795 1510 nec
852 1461 964 1525 ipsa
1010 1461 1287 1527 praedicari
1334 1461 1398 1509 de
1448 1460 1549 1508 ulla
1597 1476 1655 1508 re
1701 1465 1891 1526 potest.

213 1528 347 1583 Iluic
380 1531 534 1594 igitur
568 1532 688 1585 Enti
724 1531 956 1582 absoluto
1005 1533 1264 1597 eripienda
1298 1530 1444 1580 Plato
1476 1537 1650 1590 censet
1685 1531 1894 1596 praedi-

215 1605 326 1653 cata
378 1603 569 1663 omnia,
627 1604 890 1670 arguitque
935 1604 1293 1657 Parmenideos
1355 1603 1570 1664 erroris,
1631 1599 1715 1667 qni
1768 1601 1894 1651 illud

215 1687 313 1722 non
361 1673 511 1722 modo
557 1673 750 1726 duobus
801 1676 1081 1729 nominibus
1135 1690 1318 1727 unum
1374 1679 1429 1723 et
1474 1674 1604 1725 Ens
1651 1673 1894 1738 insignire

216 1743 440 1805 soleant,
476 1761 649 1799 verum
689 1746 838 1797 etiam
876 1748 1143 1797 rotundum
1181 1761 1298 1795 esse
1332 1745 1515 1806 velint,
1562 1745 1781 1810 ideoque
1814 1748 1893 1792 et·-

214 1814 311 1863 iam
361 1817 604 1879 primum,
649 1817 899 1879 medium,
943 1819 1200 1878 ultimum,
1259 1817 1382 1878 alia,
1432 1815 1707 1882 appellent.
1787 1814 1895 1870 Ve-

216 1887 416 1938 rissim'e
462 1887 590 1937 haec
636 1905 666 1937 a
710 1889 923 1938 Platone
969 1889 1214 1955 disputari
1262 1903 1413 1938 nemo
1461 1889 1561 1936 erit
1606 1889 1724 1951 quin
1759 1886 1894 1937 ultro

215 1956 472 2022 largiatur.
554 1957 743 2010 Verum
792 1976 942 2024 quum
999 1961 1104 2011 Ens
1161 1960 1297 2009 istud
1355 1959 1738 2008 Parmenidelun
1792 1959 1895 2007 isto

214 2030 365 2077 modo
429 2037 672 2096 appareat
723 2032 857 2085 nulla
915 2033 1205 2087 distinctum
1253 2031 1526 2085 formarum
1562 2035 1615 2079 et
1647 2030 1895 2079 rationum

216 2101 461 2164 varietate
493 2102 754 2159 informari
785 2105 1103 2176 oportuisse;
1152 2103 1270 2168 quid
1317 2106 1582 2166 praeterea
1615 2100 1732 2151 inde
1767 2115 1895 2150 con-

218 2177 487 2235 sequatur,
532 2189 634 2228 non
678 2179 759 2223 est
803 2176 1086 2230 obscurum.
1165 2174 1329 2224 Recte
1384 2173 1517 2227 enim
1561 2171 1705 2220 Plato
1751 2172 1896 2233 vidit,

218 2243 367 2295 istam
405 2244 689 2309 primariam
726 2246 865 2310 quasi
902 2250 955 2297 et
990 2245 1230 2298 infinitam
1270 2240 1463 2294 οὐσίαν
1488 2242 1548 2292 ad
1574 2241 1897 2294 efficiendam

218 2315 444 2370 veritatis
492 2317 750 2373 scientiam
798 2322 852 2366 et
895 2317 1231 2386 cognitionem
1284 2315 1664 2380 haudquaquam
1710 2313 1898 2378 aliquid

219 2400 403 2457 posse,
440 2387 839 2454 quandoquidem
875 2389 1115 2453 quidquid
1143 2387 1389 2442 infinitum
1425 2387 1507 2447 sit,
1542 2384 1593 2433 id
1627 2401 1691 2435 ne
1725 2388 1900 2437 mente

221 2457 422 2519 quidem
457 2462 511 2507 et
545 2459 850 2522 cogitatione
886 2462 1156 2524 concipere
1191 2459 1295 2507 ullo
1332 2456 1480 2508 modo
1517 2456 1681 2504 liceat.
1753 2455 1899 2506 Haec

219 2527 374 2591 igitur
411 2528 745 2594 philosophus
783 2530 979 2594 plenius
1021 2530 1180 2579 multo
1218 2534 1367 2592 atque
1403 2527 1634 2576 subtilius
1684 2541 1747 2575 eo
1796 2543 1897 2591 quo

219 2598 432 2655 diximus
469 2598 777 2655 Parmenidis
815 2601 928 2650 loco
964 2602 1222 2666 exposuit,
1259 2600 1323 2648 de
1362 2613 1459 2663 quo
1494 2597 1606 2646 vide
1644 2613 1768 2662 quae
1805 2614 1898 2646 nu-

220 2684 316 2735 per
366 2671 724 2744 disputavimus
770 2673 822 2729 in
866 2672 1164 2724 Parmenide
1198 2671 1438 2735 Prolegg.
1474 2669 1615 2726 Libr,
1654 2668 1691 2720 Ι.
1729 2686 1775 2720 c.
1810 2669 1898 2724 lv.

218 2738 272 2805 1).
307 2741 378 2791 72
414 2769 482 2778 —
514 2744 601 2792 96.
673 2742 751 2792 Ex
788 2759 883 2811 qua
917 2745 1028 2808 ipsa
1083 2760 1142 2794 re
1178 2757 1487 2808 cognoscere
1523 2741 1646 2788 licet
1691 2739 1897 2789 Parme-

221 2812 392 2867 nidem
435 2813 689 2878 aliquanto
737 2819 856 2880 post
906 2814 1194 2880 sophistam
1251 2816 1302 2869 in
1339 2813 1504 2870 lucem
1539 2812 1730 2868 editum
1767 2827 1899 2866 esse.

222 2882 326 2936 Sed
359 2885 494 2955 haec*
522 2885 782 2942 hactenus,
853 2885 1119 2954 Pergimus
1156 2885 1216 2939 ad
1254 2886 1364 2937 alia.

361 2999 654 3050 Examinato
699 3001 885 3067 placito
929 2999 1259 3050 Parmeniden
1303 2999 1399 3048 iam
1461 2998 1676 3064 primum
1738 2999 1900 3048 oratio

222 3068 454 3119 defertur
502 3074 565 3121 ad
611 3072 759 3133 illos,
809 3073 893 3136 qui
941 3088 1139 3121 omnem
1189 3071 1462 3121 essentiam
1508 3070 1802 3119 referebant
1835 3070 1900 3117 ad

223 3154 310 3198 ea,
348 3157 473 3203 quae
509 3145 735 3208 percipi,
775 3158 902 3207 quae
941 3145 1135 3206 sentiri,
1172 3158 1299 3206 quae
1334 3142 1560 3191 manibus
1597 3141 1900 3190 contrectari

223 3219 463 3272 possunt:
501 3214 584 3277 qni
619 3215 818 3278 quidem
855 3214 1103 3276 homines,
1142 3213 1477 3262 Sensualistas
1512 3213 1666 3261 hodie
1702 3215 1899 3270 vocant,

222 3295 323 3330 non
373 3283 521 3331 modo
566 3283 733 3334 facete
781 3285 1080 3347 irridentur,
1135 3300 1307 3333 verum
1368 3284 1518 3332 etiam
1577 3281 1901 3331 confutantur

226 3355 657 3414 argumentatione
698 3357 1038 3404 subtilissima.
1113 3357 1209 3417 Qui
1247 3355 1449 3418 quidem
1484 3356 1624 3402 locus
1661 3368 1900 3417 perquam

225 3428 304 3475 cst
359 3424 697 3475 memorabilis
747 3432 800 3475 et
858 3426 922 3476 ad
987 3427 1303 3477 subtiliorem
1355 3426 1630 3475 doctrinam
1674 3423 1900 3474 Platonis
