<?xml version="1.0" encoding="UTF-8"?>
<!DOCTYPE html PUBLIC "-//W3C//DTD XHTML 1.0 Transitional//EN"
    "http://www.w3.org/TR/xhtml1/DTD/xhtml1-transitional.dtd">
<html xmlns="http://www.w3.org/1999/xhtml" xml:lang="en" lang="en">
 <head>
  <title>
</title>
<meta http-equiv="Content-Type" content="text/html;charset=utf-8" />
  <meta name='ocr-system' content='tesseract 3.04.00' />
  <meta name='ocr-capabilities' content='ocr_page ocr_carea ocr_par ocr_line ocrx_word'/>
</head>
<body>
  <div class='ocr_page' id='page_1' title='image "./s1s2operaomniare08platuoft_0355.png"; bbox 0 0 2028 3750; ppageno 0'>
   <div class='ocr_carea' id='block_1_1' title="bbox 719 180 1826 235">
    <p class='ocr_par' dir='ltr' id='par_1_1' title="bbox 719 180 1826 235">
     <span class='ocr_line' id='line_1_1' title="bbox 719 180 1826 235; baseline -0.002 -2"><span class='ocrx_word' id='word_1_1' title='bbox 719 181 806 233; x_wconf 85' lang='lat' dir='ltr'><strong>Al)</strong></span> <span class='ocrx_word' id='word_1_2' title='bbox 847 180 1263 235; x_wconf 80' lang='lat' dir='ltr'><strong>SOPHISTAM.·</strong></span> <span class='ocrx_word' id='word_1_3' title='bbox 1738 180 1826 231; x_wconf 78' lang='lat'><strong>53-</strong></span> 
     </span>
    </p>
   </div>
   <div class='ocr_carea' id='block_1_2' title="bbox 139 300 1808 528">
    <p class='ocr_par' dir='ltr' id='par_1_2' title="bbox 139 300 1808 528">
     <span class='ocr_line' id='line_1_2' title="bbox 141 300 1806 389; baseline -0.002 -18"><span class='ocrx_word' id='word_1_4' title='bbox 141 321 248 371; x_wconf 80' lang='lat' dir='ltr'><strong>veri</strong></span> <span class='ocrx_word' id='word_1_5' title='bbox 283 319 572 389; x_wconf 78' lang='lat' dir='ltr'><strong>philosophi</strong></span> <span class='ocrx_word' id='word_1_6' title='bbox 610 325 864 389; x_wconf 78' lang='lat' dir='ltr'><strong>propriam</strong></span> <span class='ocrx_word' id='word_1_7' title='bbox 909 340 1025 373; x_wconf 88' lang='lat' dir='ltr'><strong>esse</strong></span> <span class='ocrx_word' id='word_1_8' title='bbox 1059 322 1204 372; x_wconf 84' lang='lat' dir='ltr'><strong>Plato</strong></span> <span class='ocrx_word' id='word_1_9' title='bbox 1239 300 1359 371; x_wconf 83' lang='lat' dir='ltr'><strong>item</strong></span> <span class='ocrx_word' id='word_1_10' title='bbox 1398 323 1448 372; x_wconf 92' lang='lat' dir='ltr'><strong>in</strong></span> <span class='ocrx_word' id='word_1_11' title='bbox 1483 318 1721 386; x_wconf 85' lang='lat' dir='ltr'><strong>Sophista</strong></span> <span class='ocrx_word' id='word_1_12' title='bbox 1756 337 1806 385; x_wconf 84' lang='lat' dir='ltr'><strong>p.</strong></span> 
     </span>
     <span class='ocr_line' id='line_1_3' title="bbox 139 393 1808 459; baseline -0.001 -19"><span class='ocrx_word' id='word_1_13' title='bbox 139 393 263 446; x_wconf 81' lang='lat'><strong>231.</strong></span> <span class='ocrx_word' id='word_1_14' title='bbox 311 394 370 443; x_wconf 87' lang='lat' dir='ltr'><strong>A.</strong></span> <span class='ocrx_word' id='word_1_15' title='bbox 416 393 472 443; x_wconf 92' lang='lat' dir='ltr'><strong>B.</strong></span> <span class='ocrx_word' id='word_1_16' title='bbox 522 410 620 443; x_wconf 90' lang='lat' dir='ltr'><strong>non</strong></span> <span class='ocrx_word' id='word_1_17' title='bbox 670 395 885 444; x_wconf 75' lang='lat' dir='ltr'><strong>obscure</strong></span> <span class='ocrx_word' id='word_1_18' title='bbox 939 395 1257 459; x_wconf 62' lang='lat' dir='ltr'><strong>significavit.</strong></span> <span class='ocrx_word' id='word_1_19' title='bbox 1331 393 1443 441; x_wconf 88' lang='lat' dir='ltr'><strong>Hoc</strong></span> <span class='ocrx_word' id='word_1_20' title='bbox 1489 393 1644 455; x_wconf 85' lang='lat' dir='ltr'><strong>igitur</strong></span> <span class='ocrx_word' id='word_1_21' title='bbox 1688 407 1808 441; x_wconf 85' lang='lat' dir='ltr'><strong>sane</strong></span> 
     </span>
     <span class='ocr_line' id='line_1_4' title="bbox 141 463 1807 528; baseline -0.001 -18"><span class='ocrx_word' id='word_1_22' title='bbox 141 463 385 512; x_wconf 88' lang='lat' dir='ltr'><strong>eiusmodi</strong></span> <span class='ocrx_word' id='word_1_23' title='bbox 420 469 529 525; x_wconf 86' lang='lat' dir='ltr'><strong>est,</strong></span> <span class='ocrx_word' id='word_1_24' title='bbox 576 470 635 516; x_wconf 86' lang='lat' dir='ltr'><strong>ut</strong></span> <span class='ocrx_word' id='word_1_25' title='bbox 671 465 752 513; x_wconf 79' lang='lat' dir='ltr'><strong>vel</strong></span> <span class='ocrx_word' id='word_1_26' title='bbox 786 467 904 516; x_wconf 90' lang='lat' dir='ltr'><strong>inde</strong></span> <span class='ocrx_word' id='word_1_27' title='bbox 936 466 1086 515; x_wconf 86' lang='lat' dir='ltr'><strong>liceat</strong></span> <span class='ocrx_word' id='word_1_28' title='bbox 1122 481 1217 514; x_wconf 92' lang='lat' dir='ltr'><strong>non</strong></span> <span class='ocrx_word' id='word_1_29' title='bbox 1253 463 1647 528; x_wconf 79' lang='lat' dir='ltr'><strong>improbabiliter</strong></span> <span class='ocrx_word' id='word_1_30' title='bbox 1682 477 1807 510; x_wconf 86' lang='lat' dir='ltr'><strong>con-</strong></span> 
     </span>
    </p>
   </div>
   <div class='ocr_carea' id='block_1_3' title="bbox 137 533 1923 599">
    <p class='ocr_par' dir='ltr' id='par_1_3' title="bbox 137 533 1923 599">
     <span class='ocr_line' id='line_1_5' title="bbox 137 533 1923 599; baseline -0.002 -17"><span class='ocrx_word' id='word_1_31' title='bbox 137 534 322 594; x_wconf 80' lang='lat' dir='ltr'><strong>iicere,</strong></span> <span class='ocrx_word' id='word_1_32' title='bbox 368 534 501 598; x_wconf 88' lang='lat' dir='ltr'><strong>qnod</strong></span> <span class='ocrx_word' id='word_1_33' title='bbox 547 550 640 585; x_wconf 86' lang='lat' dir='ltr'><strong>nos</strong></span> <span class='ocrx_word' id='word_1_34' title='bbox 691 537 890 599; x_wconf 89' lang='lat' dir='ltr'><strong>quidem</strong></span> <span class='ocrx_word' id='word_1_35' title='bbox 927 538 1236 587; x_wconf 84' lang='lat' dir='ltr'><strong>verissimum</strong></span> <span class='ocrx_word' id='word_1_36' title='bbox 1275 551 1390 585; x_wconf 83' lang='lat' dir='ltr'><strong>esse</strong></span> <span class='ocrx_word' id='word_1_37' title='bbox 1426 534 1568 583; x_wconf 89' lang='lat' dir='ltr'><strong>nobis</strong></span> <span class='ocrx_word' id='word_1_38' title='bbox 1604 533 1804 597; x_wconf 86' lang='lat' dir='ltr'><strong>penitus</strong></span> <span class='ocrx_word' id='word_1_39' title='bbox 1863 556 1865 558; x_wconf 91' lang='lat'>·</span> <span class='ocrx_word' id='word_1_40' title='bbox 1918 546 1923 550; x_wconf 83' lang='grc'><strong>’</strong></span> 
     </span>
    </p>
   </div>
   <div class='ocr_carea' id='block_1_4' title="bbox 119 604 1871 3429">
    <p class='ocr_par' dir='ltr' id='par_1_4' title="bbox 119 604 1871 3429">
     <span class='ocr_line' id='line_1_6' title="bbox 137 604 1805 669; baseline -0.001 -17"><span class='ocrx_word' id='word_1_41' title='bbox 137 607 494 669; x_wconf 80' lang='lat' dir='ltr'><strong>persuasimus.</strong></span> <span class='ocrx_word' id='word_1_42' title='bbox 565 605 754 656; x_wconf 86' lang='lat' dir='ltr'><strong>Verum</strong></span> <span class='ocrx_word' id='word_1_43' title='bbox 808 607 906 655; x_wconf 88' lang='lat' dir='ltr'><strong>huc</strong></span> <span class='ocrx_word' id='word_1_44' title='bbox 952 608 1164 659; x_wconf 85' lang='lat' dir='ltr'><strong>alterum</strong></span> <span class='ocrx_word' id='word_1_45' title='bbox 1202 606 1423 664; x_wconf 86' lang='lat' dir='ltr'><strong>accedit,</strong></span> <span class='ocrx_word' id='word_1_46' title='bbox 1475 604 1606 668; x_wconf 88' lang='lat' dir='ltr'><strong>qnod</strong></span> <span class='ocrx_word' id='word_1_47' title='bbox 1653 604 1805 652; x_wconf 87' lang='lat' dir='ltr'><strong>etiam</strong></span> 
     </span>
     <span class='ocr_line' id='line_1_7' title="bbox 138 675 1804 742; baseline 0 -20"><span class='ocrx_word' id='word_1_48' title='bbox 138 675 252 740; x_wconf 83' lang='lat' dir='ltr'><strong>plus</strong></span> <span class='ocrx_word' id='word_1_49' title='bbox 305 676 544 727; x_wconf 80' lang='lat' dir='ltr'><strong>momenti</strong></span> <span class='ocrx_word' id='word_1_50' title='bbox 590 676 651 724; x_wconf 90' lang='lat' dir='ltr'><strong>ad</strong></span> <span class='ocrx_word' id='word_1_51' title='bbox 698 693 806 725; x_wconf 89' lang='lat' dir='ltr'><strong>rem</strong></span> <span class='ocrx_word' id='word_1_52' title='bbox 856 683 1175 742; x_wconf 77' lang='lat' dir='ltr'><strong>praesentem</strong></span> <span class='ocrx_word' id='word_1_53' title='bbox 1222 677 1394 725; x_wconf 86' lang='lat' dir='ltr'><strong>faeere</strong></span> <span class='ocrx_word' id='word_1_54' title='bbox 1428 676 1804 725; x_wconf 71' lang='lat' dir='ltr'><strong>existimamus.</strong></span> 
     </span>
     <span class='ocr_line' id='line_1_8' title="bbox 137 745 1807 812; baseline -0.002 -17"><span class='ocrx_word' id='word_1_55' title='bbox 137 746 262 795; x_wconf 85' lang='lat' dir='ltr'><strong>Nam</strong></span> <span class='ocrx_word' id='word_1_56' title='bbox 297 745 428 810; x_wconf 88' lang='lat' dir='ltr'><strong>quod</strong></span> <span class='ocrx_word' id='word_1_57' title='bbox 474 747 526 795; x_wconf 89' lang='lat' dir='ltr'><strong>in</strong></span> <span class='ocrx_word' id='word_1_58' title='bbox 562 745 798 811; x_wconf 86' lang='lat' dir='ltr'><strong>Sophista</strong></span> <span class='ocrx_word' id='word_1_59' title='bbox 832 764 882 812; x_wconf 85' lang='lat' dir='ltr'><strong>p.</strong></span> <span class='ocrx_word' id='word_1_60' title='bbox 919 748 1038 796; x_wconf 80' lang='lat'><strong>253.</strong></span> <span class='ocrx_word' id='word_1_61' title='bbox 1076 747 1118 795; x_wconf 90' lang='lat' dir='ltr'>D</span> <span class='ocrx_word' id='word_1_62' title='bbox 1156 764 1262 810; x_wconf 87' lang='lat' dir='ltr'><strong>sqq.</strong></span> <span class='ocrx_word' id='word_1_63' title='bbox 1300 765 1328 795; x_wconf 90' lang='lat' dir='ltr'><strong>a</strong></span> <span class='ocrx_word' id='word_1_64' title='bbox 1365 745 1666 811; x_wconf 84' lang='lat' dir='ltr'><strong>philosopho</strong></span> <span class='ocrx_word' id='word_1_65' title='bbox 1702 745 1807 793; x_wconf 58' lang='lat' dir='ltr'><strong>exi«</strong></span> 
     </span>
     <span class='ocr_line' id='line_1_9' title="bbox 137 816 1804 884; baseline 0 -20"><span class='ocrx_word' id='word_1_66' title='bbox 137 817 274 880; x_wconf 89' lang='lat' dir='ltr'><strong>gitur</strong></span> <span class='ocrx_word' id='word_1_67' title='bbox 309 818 425 878; x_wconf 87' lang='lat' dir='ltr'><strong>hoc,</strong></span> <span class='ocrx_word' id='word_1_68' title='bbox 461 825 520 866; x_wconf 89' lang='lat' dir='ltr'><strong>ut</strong></span> <span class='ocrx_word' id='word_1_69' title='bbox 553 818 748 882; x_wconf 82' lang='lat' dir='ltr'><strong>plenam</strong></span> <span class='ocrx_word' id='word_1_70' title='bbox 773 819 1151 884; x_wconf 73' lang='lat' dir='ltr'><strong>perfectamque</strong></span> <span class='ocrx_word' id='word_1_71' title='bbox 1187 819 1283 866; x_wconf 90' lang='lat' dir='ltr'><strong>sibi</strong></span> <span class='ocrx_word' id='word_1_72' title='bbox 1315 817 1573 880; x_wconf 77' lang='lat' dir='ltr'><strong>acquirere</strong></span> <span class='ocrx_word' id='word_1_73' title='bbox 1609 816 1804 864; x_wconf 81' lang='lat' dir='ltr'><strong>studeat</strong></span> 
     </span>
     <span class='ocr_line' id='line_1_10' title="bbox 134 887 1871 953; baseline -0.002 -17"><span class='ocrx_word' id='word_1_74' title='bbox 134 888 362 953; x_wconf 84' lang='lat' dir='ltr'><strong>idearum</strong></span> <span class='ocrx_word' id='word_1_75' title='bbox 400 889 766 951; x_wconf 80' lang='lat' dir='ltr'><strong>cognitionem,</strong></span> <span class='ocrx_word' id='word_1_76' title='bbox 804 895 857 937; x_wconf 89' lang='lat' dir='ltr'><strong>et</strong></span> <span class='ocrx_word' id='word_1_77' title='bbox 893 906 990 953; x_wconf 91' lang='lat' dir='ltr'><strong>qua</strong></span> <span class='ocrx_word' id='word_1_78' title='bbox 1023 890 1141 936; x_wconf 89' lang='lat' dir='ltr'><strong>illae</strong></span> <span class='ocrx_word' id='word_1_79' title='bbox 1175 890 1306 936; x_wconf 86' lang='lat' dir='ltr'><strong>inter</strong></span> <span class='ocrx_word' id='word_1_80' title='bbox 1344 904 1399 936; x_wconf 87' lang='lat' dir='ltr'><strong>se</strong></span> <span class='ocrx_word' id='word_1_81' title='bbox 1434 887 1805 939; x_wconf 75' lang='lat' dir='ltr'><strong>necessitudine</strong></span> <span class='ocrx_word' id='word_1_82' title='bbox 1868 922 1871 924; x_wconf 73' lang='lat'><em>,</em></span> 
     </span>
     <span class='ocr_line' id='line_1_11' title="bbox 137 957 1807 1023; baseline 0 -17"><span class='ocrx_word' id='word_1_83' title='bbox 137 962 192 1006; x_wconf 72' lang='lat' dir='ltr'><strong>et</strong></span> <span class='ocrx_word' id='word_1_84' title='bbox 227 959 576 1008; x_wconf 87' lang='lat' dir='ltr'><strong>coniunctione</strong></span> <span class='ocrx_word' id='word_1_85' title='bbox 612 961 957 1012; x_wconf 83' lang='lat' dir='ltr'><strong>contineantur</strong></span> <span class='ocrx_word' id='word_1_86' title='bbox 1004 960 1266 1023; x_wconf 82' lang='lat' dir='ltr'><strong>explorare</strong></span> <span class='ocrx_word' id='word_1_87' title='bbox 1300 965 1536 1019; x_wconf 85' lang='lat' dir='ltr'><strong>conetur3</strong></span> <span class='ocrx_word' id='word_1_88' title='bbox 1571 959 1687 1006; x_wconf 90' lang='lat' dir='ltr'><strong>huic</strong></span> <span class='ocrx_word' id='word_1_89' title='bbox 1724 957 1807 1006; x_wconf 72' lang='lat' dir='ltr'><strong>os·-</strong></span> 
     </span>
     <span class='ocr_line' id='line_1_12' title="bbox 135 1027 1803 1094; baseline 0 -18"><span class='ocrx_word' id='word_1_90' title='bbox 135 1028 254 1077; x_wconf 87' lang='lat' dir='ltr'><strong>ficio</strong></span> <span class='ocrx_word' id='word_1_91' title='bbox 291 1036 440 1094; x_wconf 82' lang='lat' dir='ltr'><strong>atque</strong></span> <span class='ocrx_word' id='word_1_92' title='bbox 476 1030 669 1080; x_wconf 84' lang='lat' dir='ltr'><strong>muneri</strong></span> <span class='ocrx_word' id='word_1_93' title='bbox 705 1036 1004 1094; x_wconf 81' lang='lat' dir='ltr'><strong>personatus</strong></span> <span class='ocrx_word' id='word_1_94' title='bbox 1043 1029 1363 1081; x_wconf 80' lang='lat' dir='ltr'><strong>Parmenides</strong></span> <span class='ocrx_word' id='word_1_95' title='bbox 1414 1034 1514 1076; x_wconf 87' lang='lat' dir='ltr'><strong>tam</strong></span> <span class='ocrx_word' id='word_1_96' title='bbox 1551 1027 1803 1076; x_wconf 86' lang='lat' dir='ltr'><strong>cumulate</strong></span> 
     </span>
     <span class='ocr_line' id='line_1_13' title="bbox 135 1099 1804 1164; baseline -0.002 -15"><span class='ocrx_word' id='word_1_97' title='bbox 135 1099 405 1159; x_wconf 73' lang='lat' dir='ltr'><strong>satisfacit,</strong></span> <span class='ocrx_word' id='word_1_98' title='bbox 443 1105 498 1147; x_wconf 88' lang='lat' dir='ltr'><strong>ut</strong></span> <span class='ocrx_word' id='word_1_99' title='bbox 533 1099 630 1147; x_wconf 88' lang='lat' dir='ltr'><strong>hoc</strong></span> <span class='ocrx_word' id='word_1_100' title='bbox 666 1101 718 1149; x_wconf 89' lang='lat' dir='ltr'><strong>in</strong></span> <span class='ocrx_word' id='word_1_101' title='bbox 753 1116 940 1164; x_wconf 84' lang='lat' dir='ltr'><strong>genere</strong></span> <span class='ocrx_word' id='word_1_102' title='bbox 975 1100 1098 1152; x_wconf 85' lang='lat' dir='ltr'><strong>nihil</strong></span> <span class='ocrx_word' id='word_1_103' title='bbox 1134 1101 1471 1164; x_wconf 77' lang='lat' dir='ltr'><strong>praestantius</strong></span> <span class='ocrx_word' id='word_1_104' title='bbox 1507 1100 1642 1163; x_wconf 86' lang='lat' dir='ltr'><strong>fingi,</strong></span> <span class='ocrx_word' id='word_1_105' title='bbox 1682 1099 1804 1146; x_wconf 88' lang='lat' dir='ltr'><strong>nihil</strong></span> 
     </span>
     <span class='ocr_line' id='line_1_14' title="bbox 134 1169 1804 1235; baseline 0 -17"><span class='ocrx_word' id='word_1_106' title='bbox 134 1172 344 1234; x_wconf 85' lang='lat' dir='ltr'><strong>cogitari</strong></span> <span class='ocrx_word' id='word_1_107' title='bbox 383 1175 547 1233; x_wconf 85' lang='lat' dir='ltr'><strong>queat.</strong></span> <span class='ocrx_word' id='word_1_108' title='bbox 618 1169 839 1235; x_wconf 79' lang='lat' dir='ltr'><strong>Exponit</strong></span> <span class='ocrx_word' id='word_1_109' title='bbox 874 1172 1005 1219; x_wconf 89' lang='lat' dir='ltr'><strong>enim</strong></span> <span class='ocrx_word' id='word_1_110' title='bbox 1041 1187 1236 1222; x_wconf 87' lang='lat' dir='ltr'><strong>omnem</strong></span> <span class='ocrx_word' id='word_1_111' title='bbox 1271 1171 1491 1218; x_wconf 82' lang='lat' dir='ltr'><strong>idearum</strong></span> <span class='ocrx_word' id='word_1_112' title='bbox 1531 1171 1804 1218; x_wconf 77' lang='lat' dir='ltr'><strong>doctrinam</strong></span> 
     </span>
     <span class='ocr_line' id='line_1_15' title="bbox 134 1241 1805 1306; baseline -0.002 -16"><span class='ocrx_word' id='word_1_113' title='bbox 134 1242 227 1302; x_wconf 83' lang='lat' dir='ltr'><strong>sic,</strong></span> <span class='ocrx_word' id='word_1_114' title='bbox 263 1246 322 1291; x_wconf 85' lang='lat' dir='ltr'><strong>ut</strong></span> <span class='ocrx_word' id='word_1_115' title='bbox 356 1241 602 1304; x_wconf 85' lang='lat' dir='ltr'><strong>quodnam</strong></span> <span class='ocrx_word' id='word_1_116' title='bbox 638 1242 704 1290; x_wconf 90' lang='lat' dir='ltr'><strong>sit</strong></span> <span class='ocrx_word' id='word_1_117' title='bbox 741 1258 912 1293; x_wconf 87' lang='lat' dir='ltr'><strong>earum</strong></span> <span class='ocrx_word' id='word_1_118' title='bbox 936 1243 1250 1306; x_wconf 86' lang='lat' dir='ltr'><strong>principium,</strong></span> <span class='ocrx_word' id='word_1_119' title='bbox 1288 1257 1412 1305; x_wconf 86' lang='lat' dir='ltr'><strong>quae</strong></span> <span class='ocrx_word' id='word_1_120' title='bbox 1447 1247 1640 1299; x_wconf 84' lang='lat' dir='ltr'><strong>natura,</strong></span> <span class='ocrx_word' id='word_1_121' title='bbox 1677 1255 1805 1303; x_wconf 84' lang='lat' dir='ltr'><strong>quae</strong></span> 
     </span>
     <span class='ocr_line' id='line_1_16' title="bbox 132 1312 1803 1376; baseline -0.002 -15"><span class='ocrx_word' id='word_1_122' title='bbox 132 1312 294 1374; x_wconf 79' lang='lat' dir='ltr'><strong>ratio,</strong></span> <span class='ocrx_word' id='word_1_123' title='bbox 330 1327 456 1376; x_wconf 89' lang='lat' dir='ltr'><strong>quae</strong></span> <span class='ocrx_word' id='word_1_124' title='bbox 489 1313 563 1365; x_wconf 86' lang='lat' dir='ltr'><strong>vis</strong></span> <span class='ocrx_word' id='word_1_125' title='bbox 600 1316 654 1360; x_wconf 86' lang='lat' dir='ltr'><strong>et</strong></span> <span class='ocrx_word' id='word_1_126' title='bbox 689 1312 942 1372; x_wconf 84' lang='lat' dir='ltr'><strong>efficacia,</strong></span> <span class='ocrx_word' id='word_1_127' title='bbox 988 1329 1114 1376; x_wconf 90' lang='lat' dir='ltr'><strong>quae</strong></span> <span class='ocrx_word' id='word_1_128' title='bbox 1150 1313 1471 1362; x_wconf 74' lang='lat' dir='ltr'><strong>necessitudo</strong></span> <span class='ocrx_word' id='word_1_129' title='bbox 1509 1317 1562 1360; x_wconf 88' lang='lat' dir='ltr'><strong>et</strong></span> <span class='ocrx_word' id='word_1_130' title='bbox 1601 1312 1803 1359; x_wconf 81' lang='lat' dir='ltr'><strong>coniun-</strong></span> 
     </span>
     <span class='ocr_line' id='line_1_17' title="bbox 119 1383 1805 1448; baseline -0.002 -17"><span class='ocrx_word' id='word_1_131' title='bbox 119 1383 264 1443; x_wconf 66' lang='lat' dir='ltr'><strong>ctio,</strong></span> <span class='ocrx_word' id='word_1_132' title='bbox 314 1398 440 1446; x_wconf 89' lang='lat' dir='ltr'><strong>quae</strong></span> <span class='ocrx_word' id='word_1_133' title='bbox 475 1383 682 1436; x_wconf 84' lang='lat' dir='ltr'><strong>scientia</strong></span> <span class='ocrx_word' id='word_1_134' title='bbox 713 1389 768 1431; x_wconf 88' lang='lat' dir='ltr'><strong>et</strong></span> <span class='ocrx_word' id='word_1_135' title='bbox 804 1384 1052 1447; x_wconf 72' lang='lat' dir='ltr'><strong>cognitio,</strong></span> <span class='ocrx_word' id='word_1_136' title='bbox 1103 1384 1483 1448; x_wconf 82' lang='lat' dir='ltr'><strong>diligentissime</strong></span> <span class='ocrx_word' id='word_1_137' title='bbox 1519 1383 1805 1445; x_wconf 78' lang='lat' dir='ltr'><strong>exquiratur</strong></span> 
     </span>
     <span class='ocr_line' id='line_1_18' title="bbox 133 1452 1804 1518; baseline -0.001 -16"><span class='ocrx_word' id='word_1_138' title='bbox 133 1458 286 1518; x_wconf 85' lang='lat' dir='ltr'><strong>atquc</strong></span> <span class='ocrx_word' id='word_1_139' title='bbox 334 1454 425 1514; x_wconf 84' lang='lat' dir='ltr'><strong>iis,</strong></span> <span class='ocrx_word' id='word_1_140' title='bbox 471 1455 556 1517; x_wconf 83' lang='lat' dir='ltr'><strong>qui</strong></span> <span class='ocrx_word' id='word_1_141' title='bbox 599 1455 650 1509; x_wconf 81' lang='lat' dir='ltr'><strong>in</strong></span> <span class='ocrx_word' id='word_1_142' title='bbox 694 1452 969 1506; x_wconf 82' lang='lat' dir='ltr'><strong>dialecticis</strong></span> <span class='ocrx_word' id='word_1_143' title='bbox 1019 1455 1281 1504; x_wconf 87' lang='lat' dir='ltr'><strong>exercitati</strong></span> <span class='ocrx_word' id='word_1_144' title='bbox 1325 1461 1471 1514; x_wconf 89' lang='lat' dir='ltr'><strong>sunt,</strong></span> <span class='ocrx_word' id='word_1_145' title='bbox 1525 1453 1804 1502; x_wconf 83' lang='lat' dir='ltr'><strong>admirabili</strong></span> 
     </span>
     <span class='ocr_line' id='line_1_19' title="bbox 131 1523 1804 1589; baseline -0.002 -16"><span class='ocrx_word' id='word_1_146' title='bbox 131 1525 358 1578; x_wconf 85' lang='lat' dir='ltr'><strong>acumine</strong></span> <span class='ocrx_word' id='word_1_147' title='bbox 394 1525 704 1576; x_wconf 80' lang='lat' dir='ltr'><strong>ostendatur.</strong></span> <span class='ocrx_word' id='word_1_148' title='bbox 776 1526 885 1587; x_wconf 76' lang='lat' dir='ltr'><strong>Qua</strong></span> <span class='ocrx_word' id='word_1_149' title='bbox 919 1527 969 1574; x_wconf 88' lang='lat' dir='ltr'><strong>in</strong></span> <span class='ocrx_word' id='word_1_150' title='bbox 1004 1541 1062 1573; x_wconf 88' lang='lat' dir='ltr'><strong>re</strong></span> <span class='ocrx_word' id='word_1_151' title='bbox 1096 1526 1183 1573; x_wconf 90' lang='lat' dir='ltr'><strong>ille</strong></span> <span class='ocrx_word' id='word_1_152' title='bbox 1218 1537 1426 1589; x_wconf 84' lang='lat' dir='ltr'><strong>prorsus</strong></span> <span class='ocrx_word' id='word_1_153' title='bbox 1446 1525 1624 1576; x_wconf 88' lang='lat' dir='ltr'><strong>eodem</strong></span> <span class='ocrx_word' id='word_1_154' title='bbox 1654 1523 1804 1571; x_wconf 89' lang='lat' dir='ltr'><strong>modo</strong></span> 
     </span>
     <span class='ocr_line' id='line_1_20' title="bbox 131 1594 1804 1660; baseline -0.001 -18"><span class='ocrx_word' id='word_1_155' title='bbox 131 1601 388 1654; x_wconf 71' lang='lat' dir='ltr'><strong>versatur,</strong></span> <span class='ocrx_word' id='word_1_156' title='bbox 427 1611 523 1658; x_wconf 90' lang='lat' dir='ltr'><strong>quo</strong></span> <span class='ocrx_word' id='word_1_157' title='bbox 561 1595 681 1648; x_wconf 85' lang='lat' dir='ltr'><strong>facit</strong></span> <span class='ocrx_word' id='word_1_158' title='bbox 716 1595 906 1660; x_wconf 84' lang='lat' dir='ltr'><strong>hospes</strong></span> <span class='ocrx_word' id='word_1_159' title='bbox 939 1596 1194 1648; x_wconf 80' lang='lat' dir='ltr'><strong>Eleaticus</strong></span> <span class='ocrx_word' id='word_1_160' title='bbox 1229 1612 1292 1646; x_wconf 88' lang='lat' dir='ltr'><strong>eo</strong></span> <span class='ocrx_word' id='word_1_161' title='bbox 1326 1596 1458 1656; x_wconf 88' lang='lat' dir='ltr'><strong>loco,</strong></span> <span class='ocrx_word' id='word_1_162' title='bbox 1495 1596 1577 1643; x_wconf 88' lang='lat' dir='ltr'><strong>ubi</strong></span> <span class='ocrx_word' id='word_1_163' title='bbox 1614 1594 1677 1642; x_wconf 88' lang='lat' dir='ltr'><strong>de</strong></span> <span class='ocrx_word' id='word_1_164' title='bbox 1714 1610 1804 1641; x_wconf 76' lang='lat' dir='ltr'><strong>en-</strong></span> 
     </span>
     <span class='ocr_line' id='line_1_21' title="bbox 132 1666 1800 1731; baseline 0.001 -17"><span class='ocrx_word' id='word_1_165' title='bbox 132 1666 200 1714; x_wconf 88' lang='lat' dir='ltr'><strong>tis</strong></span> <span class='ocrx_word' id='word_1_166' title='bbox 239 1671 292 1715; x_wconf 84' lang='lat' dir='ltr'><strong>et</strong></span> <span class='ocrx_word' id='word_1_167' title='bbox 326 1667 604 1723; x_wconf 54' lang='lat' dir='ltr'><strong>non-sentis</strong></span> <span class='ocrx_word' id='word_1_168' title='bbox 639 1668 914 1719; x_wconf 85' lang='lat' dir='ltr'><strong>rationibus</strong></span> <span class='ocrx_word' id='word_1_169' title='bbox 952 1668 1165 1730; x_wconf 87' lang='lat' dir='ltr'><strong>explicat</strong></span> <span class='ocrx_word' id='word_1_170' title='bbox 1188 1669 1304 1718; x_wconf 83' lang='lat' dir='ltr'><strong>inde</strong></span> <span class='ocrx_word' id='word_1_171' title='bbox 1340 1683 1369 1715; x_wconf 85' lang='lat' dir='ltr'><strong>a</strong></span> <span class='ocrx_word' id='word_1_172' title='bbox 1405 1683 1453 1731; x_wconf 85' lang='lat' dir='ltr'><strong>p.</strong></span> <span class='ocrx_word' id='word_1_173' title='bbox 1480 1666 1599 1714; x_wconf 79' lang='lat'><strong>251.</strong></span> <span class='ocrx_word' id='word_1_174' title='bbox 1624 1666 1664 1713; x_wconf 84' lang='lat' dir='ltr'><strong>A</strong></span> <span class='ocrx_word' id='word_1_175' title='bbox 1691 1681 1800 1729; x_wconf 82' lang='lat' dir='ltr'><strong>sqq.</strong></span> 
     </span>
     <span class='ocr_line' id='line_1_22' title="bbox 131 1736 1802 1802; baseline -0.002 -16"><span class='ocrx_word' id='word_1_176' title='bbox 131 1752 293 1800; x_wconf 86' lang='lat' dir='ltr'><strong>usque</strong></span> <span class='ocrx_word' id='word_1_177' title='bbox 329 1736 389 1784; x_wconf 89' lang='lat' dir='ltr'><strong>ad</strong></span> <span class='ocrx_word' id='word_1_178' title='bbox 429 1752 477 1799; x_wconf 87' lang='lat' dir='ltr'><strong>p.</strong></span> <span class='ocrx_word' id='word_1_179' title='bbox 516 1737 640 1789; x_wconf 79' lang='lat'><strong>26⁰.</strong></span> <span class='ocrx_word' id='word_1_180' title='bbox 719 1736 867 1785; x_wconf 89' lang='lat' dir='ltr'><strong>Unde</strong></span> <span class='ocrx_word' id='word_1_181' title='bbox 914 1738 1030 1802; x_wconf 87' lang='lat' dir='ltr'><strong>quid</strong></span> <span class='ocrx_word' id='word_1_182' title='bbox 1078 1738 1378 1786; x_wconf 85' lang='lat' dir='ltr'><strong>concludere</strong></span> <span class='ocrx_word' id='word_1_183' title='bbox 1421 1739 1484 1791; x_wconf 85' lang='lat' dir='ltr'><strong>de</strong></span> <span class='ocrx_word' id='word_1_184' title='bbox 1532 1736 1802 1801; x_wconf 88' lang='lat' dir='ltr'><strong>Sophistae</strong></span> 
     </span>
     <span class='ocr_line' id='line_1_23' title="bbox 132 1807 1803 1873; baseline -0.002 -16"><span class='ocrx_word' id='word_1_185' title='bbox 132 1813 187 1857; x_wconf 88' lang='lat' dir='ltr'><strong>et</strong></span> <span class='ocrx_word' id='word_1_186' title='bbox 223 1807 533 1858; x_wconf 84' lang='lat' dir='ltr'><strong>Parmenidis</strong></span> <span class='ocrx_word' id='word_1_187' title='bbox 580 1823 712 1860; x_wconf 80' lang='lat' dir='ltr'><strong>nexu</strong></span> <span class='ocrx_word' id='word_1_188' title='bbox 744 1809 922 1868; x_wconf 84' lang='lat' dir='ltr'><strong>liceat,</strong></span> <span class='ocrx_word' id='word_1_189' title='bbox 975 1814 1158 1873; x_wconf 87' lang='lat' dir='ltr'><strong>sponte</strong></span> <span class='ocrx_word' id='word_1_190' title='bbox 1191 1809 1501 1872; x_wconf 83' lang='lat' dir='ltr'><strong>intelligitur.</strong></span> <span class='ocrx_word' id='word_1_191' title='bbox 1571 1807 1685 1858; x_wconf 82' lang='lat' dir='ltr'><strong>Huc</strong></span> <span class='ocrx_word' id='word_1_192' title='bbox 1719 1822 1803 1854; x_wconf 85' lang='lat' dir='ltr'><strong>ac-</strong></span> 
     </span>
     <span class='ocr_line' id='line_1_24' title="bbox 134 1877 1802 1942; baseline 0 -16"><span class='ocrx_word' id='word_1_193' title='bbox 134 1879 272 1928; x_wconf 84' lang='lat' dir='ltr'><strong>cedit</strong></span> <span class='ocrx_word' id='word_1_194' title='bbox 304 1879 506 1930; x_wconf 83' lang='lat' dir='ltr'><strong>tertium</strong></span> <span class='ocrx_word' id='word_1_195' title='bbox 546 1877 791 1941; x_wconf 87' lang='lat' dir='ltr'><strong>quiddam,</strong></span> <span class='ocrx_word' id='word_1_196' title='bbox 831 1880 964 1942; x_wconf 87' lang='lat' dir='ltr'><strong>quod</strong></span> <span class='ocrx_word' id='word_1_197' title='bbox 998 1881 1250 1932; x_wconf 87' lang='lat' dir='ltr'><strong>mentione</strong></span> <span class='ocrx_word' id='word_1_198' title='bbox 1286 1895 1386 1931; x_wconf 86' lang='lat' dir='ltr'><strong>non</strong></span> <span class='ocrx_word' id='word_1_199' title='bbox 1420 1879 1671 1942; x_wconf 83' lang='lat' dir='ltr'><strong>indignum</strong></span> <span class='ocrx_word' id='word_1_200' title='bbox 1706 1886 1802 1926; x_wconf 88' lang='lat' dir='ltr'><strong>est.</strong></span> 
     </span>
     <span class='ocr_line' id='line_1_25' title="bbox 132 1947 1799 2013; baseline -0.001 -15"><span class='ocrx_word' id='word_1_201' title='bbox 132 1949 262 1999; x_wconf 80' lang='lat' dir='ltr'><strong>Nam</strong></span> <span class='ocrx_word' id='word_1_202' title='bbox 306 1949 441 2013; x_wconf 85' lang='lat' dir='ltr'><strong>quod</strong></span> <span class='ocrx_word' id='word_1_203' title='bbox 474 1947 618 1998; x_wconf 88' lang='lat' dir='ltr'><strong>Plato</strong></span> <span class='ocrx_word' id='word_1_204' title='bbox 653 1949 706 2002; x_wconf 87' lang='lat' dir='ltr'><strong>in</strong></span> <span class='ocrx_word' id='word_1_205' title='bbox 740 1949 1028 2002; x_wconf 85' lang='lat' dir='ltr'><strong>Theaeteto</strong></span> <span class='ocrx_word' id='word_1_206' title='bbox 1064 1967 1112 2013; x_wconf 89' lang='lat' dir='ltr'><strong>p.</strong></span> <span class='ocrx_word' id='word_1_207' title='bbox 1150 1951 1266 2001; x_wconf 74' lang='lat'><strong>183.</strong></span> <span class='ocrx_word' id='word_1_208' title='bbox 1303 1951 1361 1998; x_wconf 69' lang='lat'><strong>1⁴2.</strong></span> <span class='ocrx_word' id='word_1_209' title='bbox 1400 1955 1452 1999; x_wconf 90' lang='lat' dir='ltr'><strong>et</strong></span> <span class='ocrx_word' id='word_1_210' title='bbox 1486 1949 1710 2012; x_wconf 85' lang='lat' dir='ltr'><strong>Sophist.</strong></span> <span class='ocrx_word' id='word_1_211' title='bbox 1749 1964 1799 2011; x_wconf 84' lang='lat' dir='ltr'><strong>p.</strong></span> 
     </span>
     <span class='ocr_line' id='line_1_26' title="bbox 132 2018 1803 2083; baseline -0.001 -15"><span class='ocrx_word' id='word_1_212' title='bbox 132 2020 254 2072; x_wconf 75' lang='lat'><strong>217.</strong></span> <span class='ocrx_word' id='word_1_213' title='bbox 290 2018 348 2071; x_wconf 84' lang='lat' dir='ltr'><strong>G.</strong></span> <span class='ocrx_word' id='word_1_214' title='bbox 421 2019 681 2071; x_wconf 76' lang='lat' dir='ltr'><strong>Socratem</strong></span> <span class='ocrx_word' id='word_1_215' title='bbox 716 2020 842 2071; x_wconf 85' lang='lat' dir='ltr'><strong>fecit</strong></span> <span class='ocrx_word' id='word_1_216' title='bbox 877 2030 1186 2080; x_wconf 88' lang='lat' dir='ltr'><strong>narrantem,</strong></span> <span class='ocrx_word' id='word_1_217' title='bbox 1235 2036 1351 2069; x_wconf 88' lang='lat' dir='ltr'><strong>sese</strong></span> <span class='ocrx_word' id='word_1_218' title='bbox 1385 2019 1646 2083; x_wconf 85' lang='lat' dir='ltr'><strong>aliquando</strong></span> <span class='ocrx_word' id='word_1_219' title='bbox 1680 2020 1803 2068; x_wconf 90' lang='lat' dir='ltr'><strong>ado-</strong></span> 
     </span>
     <span class='ocr_line' id='line_1_27' title="bbox 133 2090 1801 2156; baseline -0.002 -16"><span class='ocrx_word' id='word_1_220' title='bbox 133 2090 407 2140; x_wconf 85' lang='lat' dir='ltr'><strong>lescentem</strong></span> <span class='ocrx_word' id='word_1_221' title='bbox 443 2105 556 2139; x_wconf 90' lang='lat' dir='ltr'><strong>cum</strong></span> <span class='ocrx_word' id='word_1_222' title='bbox 592 2106 713 2139; x_wconf 88' lang='lat' dir='ltr'><strong>sene</strong></span> <span class='ocrx_word' id='word_1_223' title='bbox 748 2091 1042 2143; x_wconf 85' lang='lat' dir='ltr'><strong>Parmenide</strong></span> <span class='ocrx_word' id='word_1_224' title='bbox 1077 2092 1377 2156; x_wconf 86' lang='lat' dir='ltr'><strong>colloquium</strong></span> <span class='ocrx_word' id='word_1_225' title='bbox 1412 2092 1676 2150; x_wconf 84' lang='lat' dir='ltr'><strong>habuisse,</strong></span> <span class='ocrx_word' id='word_1_226' title='bbox 1732 2090 1801 2137; x_wconf 73' lang='lat' dir='ltr'><strong>si-</strong></span> 
     </span>
     <span class='ocr_line' id='line_1_28' title="bbox 132 2160 1801 2227; baseline -0.002 -16"><span class='ocrx_word' id='word_1_227' title='bbox 132 2160 383 2227; x_wconf 83' lang='lat' dir='ltr'><strong>gnificavit</strong></span> <span class='ocrx_word' id='word_1_228' title='bbox 419 2161 752 2227; x_wconf 85' lang='lat' dir='ltr'><strong>philosophus</strong></span> <span class='ocrx_word' id='word_1_229' title='bbox 796 2164 917 2214; x_wconf 84' lang='lat' dir='ltr'><strong>satis</strong></span> <span class='ocrx_word' id='word_1_230' title='bbox 955 2168 1159 2227; x_wconf 87' lang='lat' dir='ltr'><strong>aperte,</strong></span> <span class='ocrx_word' id='word_1_231' title='bbox 1209 2163 1457 2226; x_wconf 87' lang='lat' dir='ltr'><strong>dialogum</strong></span> <span class='ocrx_word' id='word_1_232' title='bbox 1493 2161 1801 2209; x_wconf 86' lang='lat' dir='ltr'><strong>Parmenidis</strong></span> 
     </span>
     <span class='ocr_line' id='line_1_29' title="bbox 132 2232 1801 2297; baseline -0.001 -15"><span class='ocrx_word' id='word_1_233' title='bbox 132 2233 333 2286; x_wconf 85' lang='lat' dir='ltr'><strong>nomine</strong></span> <span class='ocrx_word' id='word_1_234' title='bbox 377 2233 673 2297; x_wconf 86' lang='lat' dir='ltr'><strong>inscriptum</strong></span> <span class='ocrx_word' id='word_1_235' title='bbox 722 2249 836 2283; x_wconf 87' lang='lat' dir='ltr'><strong>cum</strong></span> <span class='ocrx_word' id='word_1_236' title='bbox 886 2233 967 2283; x_wconf 90' lang='lat' dir='ltr'><strong>his</strong></span> <span class='ocrx_word' id='word_1_237' title='bbox 1000 2235 1127 2297; x_wconf 87' lang='lat' dir='ltr'><strong>ipsis</strong></span> <span class='ocrx_word' id='word_1_238' title='bbox 1163 2233 1303 2286; x_wconf 83' lang='lat' dir='ltr'><strong>libris</strong></span> <span class='ocrx_word' id='word_1_239' title='bbox 1339 2237 1477 2283; x_wconf 87' lang='lat' dir='ltr'><strong>arcte</strong></span> <span class='ocrx_word' id='word_1_240' title='bbox 1511 2232 1801 2293; x_wconf 72' lang='lat' dir='ltr'><strong>cohaerere.</strong></span> 
     </span>
     <span class='ocr_line' id='line_1_30' title="bbox 132 2302 1802 2369; baseline -0.002 -16"><span class='ocrx_word' id='word_1_241' title='bbox 132 2302 176 2353; x_wconf 90' lang='lat' dir='ltr'><strong>F</strong></span> <span class='ocrx_word' id='word_1_242' title='bbox 180 2303 397 2352; x_wconf 85' lang='lat' dir='ltr'><strong>alluntur</strong></span> <span class='ocrx_word' id='word_1_243' title='bbox 432 2309 599 2354; x_wconf 83' lang='lat' dir='ltr'><strong>autem</strong></span> <span class='ocrx_word' id='word_1_244' title='bbox 636 2319 958 2369; x_wconf 85' lang='lat' dir='ltr'><strong>magnopere,</strong></span> <span class='ocrx_word' id='word_1_245' title='bbox 997 2307 1080 2369; x_wconf 88' lang='lat' dir='ltr'><strong>qui</strong></span> <span class='ocrx_word' id='word_1_246' title='bbox 1120 2320 1182 2353; x_wconf 79' lang='lat' dir='ltr'><strong>ex</strong></span> <span class='ocrx_word' id='word_1_247' title='bbox 1216 2305 1299 2352; x_wconf 86' lang='lat' dir='ltr'><strong>his</strong></span> <span class='ocrx_word' id='word_1_248' title='bbox 1325 2303 1447 2352; x_wconf 85' lang='lat' dir='ltr'><strong>locis</strong></span> <span class='ocrx_word' id='word_1_249' title='bbox 1491 2303 1802 2367; x_wconf 83' lang='lat' dir='ltr'><strong>collegerunt</strong></span> 
     </span>
     <span class='ocr_line' id='line_1_31' title="bbox 134 2373 1802 2439; baseline -0.002 -16"><span class='ocrx_word' id='word_1_250' title='bbox 134 2389 249 2425; x_wconf 88' lang='lat' dir='ltr'><strong>eum</strong></span> <span class='ocrx_word' id='word_1_251' title='bbox 282 2373 464 2423; x_wconf 87' lang='lat' dir='ltr'><strong>librum</strong></span> <span class='ocrx_word' id='word_1_252' title='bbox 499 2379 616 2428; x_wconf 85' lang='lat' dir='ltr'><strong>ante</strong></span> <span class='ocrx_word' id='word_1_253' title='bbox 653 2375 991 2428; x_wconf 80' lang='lat' dir='ltr'><strong>Theaetetum</strong></span> <span class='ocrx_word' id='word_1_254' title='bbox 1032 2382 1086 2424; x_wconf 89' lang='lat' dir='ltr'><strong>et</strong></span> <span class='ocrx_word' id='word_1_255' title='bbox 1119 2374 1406 2439; x_wconf 85' lang='lat' dir='ltr'><strong>Sophistam</strong></span> <span class='ocrx_word' id='word_1_256' title='bbox 1444 2374 1629 2423; x_wconf 86' lang='lat' dir='ltr'><strong>litteris</strong></span> <span class='ocrx_word' id='word_1_257' title='bbox 1663 2389 1802 2421; x_wconf 71' lang='lat' dir='ltr'><strong>man-</strong></span> 
     </span>
     <span class='ocr_line' id='line_1_32' title="bbox 133 2444 1801 2510; baseline -0.001 -16"><span class='ocrx_word' id='word_1_258' title='bbox 133 2446 303 2496; x_wconf 82' lang='lat' dir='ltr'><strong>datum</strong></span> <span class='ocrx_word' id='word_1_259' title='bbox 353 2460 484 2494; x_wconf 87' lang='lat' dir='ltr'><strong>esse.</strong></span> <span class='ocrx_word' id='word_1_260' title='bbox 568 2444 696 2495; x_wconf 84' lang='lat' dir='ltr'><strong>Nam</strong></span> <span class='ocrx_word' id='word_1_261' title='bbox 743 2445 795 2496; x_wconf 86' lang='lat' dir='ltr'><strong>id</strong></span> <span class='ocrx_word' id='word_1_262' title='bbox 837 2447 907 2495; x_wconf 84' lang='lat' dir='ltr'><strong>ita</strong></span> <span class='ocrx_word' id='word_1_263' title='bbox 953 2446 1141 2495; x_wconf 82' lang='lat' dir='ltr'><strong>factum</strong></span> <span class='ocrx_word' id='word_1_264' title='bbox 1191 2462 1309 2497; x_wconf 89' lang='lat' dir='ltr'><strong>esse</strong></span> <span class='ocrx_word' id='word_1_265' title='bbox 1350 2446 1565 2510; x_wconf 87' lang='lat' dir='ltr'><strong>primum</strong></span> <span class='ocrx_word' id='word_1_266' title='bbox 1601 2444 1801 2509; x_wconf 84' lang='lat' dir='ltr'><strong>quidem</strong></span> 
     </span>
     <span class='ocr_line' id='line_1_33' title="bbox 132 2516 1802 2581; baseline -0.001 -17"><span class='ocrx_word' id='word_1_267' title='bbox 132 2523 346 2581; x_wconf 83' lang='lat' dir='ltr'><strong>propter</strong></span> <span class='ocrx_word' id='word_1_268' title='bbox 396 2516 681 2568; x_wconf 77' lang='lat' dir='ltr'><strong>universum</strong></span> <span class='ocrx_word' id='word_1_269' title='bbox 712 2517 893 2567; x_wconf 89' lang='lat' dir='ltr'><strong>horum</strong></span> <span class='ocrx_word' id='word_1_270' title='bbox 927 2517 1166 2568; x_wconf 85' lang='lat' dir='ltr'><strong>librorum</strong></span> <span class='ocrx_word' id='word_1_271' title='bbox 1204 2522 1548 2581; x_wconf 87' lang='lat' dir='ltr'><strong>argumentum</strong></span> <span class='ocrx_word' id='word_1_272' title='bbox 1586 2531 1684 2564; x_wconf 88' lang='lat' dir='ltr'><strong>non</strong></span> <span class='ocrx_word' id='word_1_273' title='bbox 1722 2519 1802 2563; x_wconf 87' lang='lat' dir='ltr'><strong>est</strong></span> 
     </span>
     <span class='ocr_line' id='line_1_34' title="bbox 131 2586 1801 2652; baseline 0.001 -18"><span class='ocrx_word' id='word_1_274' title='bbox 131 2586 418 2638; x_wconf 69' lang='lat' dir='ltr'><strong>verisimile.¹</strong></span> <span class='ocrx_word' id='word_1_275' title='bbox 490 2587 615 2647; x_wconf 73' lang='lat' dir='ltr'><strong>Quis</strong></span> <span class='ocrx_word' id='word_1_276' title='bbox 651 2588 783 2639; x_wconf 85' lang='lat' dir='ltr'><strong>enim</strong></span> <span class='ocrx_word' id='word_1_277' title='bbox 831 2589 926 2638; x_wconf 91' lang='lat' dir='ltr'><strong>sibi</strong></span> <span class='ocrx_word' id='word_1_278' title='bbox 959 2588 1258 2652; x_wconf 88' lang='lat' dir='ltr'><strong>persuadeat</strong></span> <span class='ocrx_word' id='word_1_279' title='bbox 1293 2587 1548 2638; x_wconf 83' lang='lat' dir='ltr'><strong>Platonem</strong></span> <span class='ocrx_word' id='word_1_280' title='bbox 1586 2588 1801 2651; x_wconf 86' lang='lat' dir='ltr'><strong>primum</strong></span> 
     </span>
     <span class='ocr_line' id='line_1_35' title="bbox 134 2655 1800 2722; baseline -0.002 -16"><span class='ocrx_word' id='word_1_281' title='bbox 134 2672 273 2706; x_wconf 85' lang='lat' dir='ltr'><strong>suam</strong></span> <span class='ocrx_word' id='word_1_282' title='bbox 309 2655 373 2705; x_wconf 89' lang='lat' dir='ltr'><strong>de</strong></span> <span class='ocrx_word' id='word_1_283' title='bbox 407 2656 539 2710; x_wconf 86' lang='lat' dir='ltr'><strong>Ente</strong></span> <span class='ocrx_word' id='word_1_284' title='bbox 576 2657 852 2706; x_wconf 84' lang='lat' dir='ltr'><strong>doctrinam</strong></span> <span class='ocrx_word' id='word_1_285' title='bbox 900 2658 1062 2709; x_wconf 85' lang='lat' dir='ltr'><strong>fuisse</strong></span> <span class='ocrx_word' id='word_1_286' title='bbox 1098 2659 1466 2722; x_wconf 81' lang='lat' dir='ltr'><strong>expositurum,</strong></span> <span class='ocrx_word' id='word_1_287' title='bbox 1514 2673 1570 2704; x_wconf 88' lang='lat' dir='ltr'><strong>ac</strong></span> <span class='ocrx_word' id='word_1_288' title='bbox 1619 2656 1800 2704; x_wconf 87' lang='lat' dir='ltr'><strong>deinde</strong></span> 
     </span>
     <span class='ocr_line' id='line_1_36' title="bbox 134 2726 1803 2792; baseline 0 -18"><span class='ocrx_word' id='word_1_289' title='bbox 134 2726 333 2776; x_wconf 88' lang='lat' dir='ltr'><strong>demum</strong></span> <span class='ocrx_word' id='word_1_290' title='bbox 381 2742 439 2774; x_wconf 89' lang='lat' dir='ltr'><strong>ea</strong></span> <span class='ocrx_word' id='word_1_291' title='bbox 476 2727 865 2791; x_wconf 77' lang='lat' dir='ltr'><strong>explicaturum,</strong></span> <span class='ocrx_word' id='word_1_292' title='bbox 903 2745 1029 2792; x_wconf 85' lang='lat' dir='ltr'><strong>quae</strong></span> <span class='ocrx_word' id='word_1_293' title='bbox 1062 2730 1113 2777; x_wconf 83' lang='lat' dir='ltr'><strong>in</strong></span> <span class='ocrx_word' id='word_1_294' title='bbox 1149 2729 1433 2777; x_wconf 83' lang='lat' dir='ltr'><strong>Theaeteto</strong></span> <span class='ocrx_word' id='word_1_295' title='bbox 1469 2744 1527 2775; x_wconf 86' lang='lat' dir='ltr'><strong>ac</strong></span> <span class='ocrx_word' id='word_1_296' title='bbox 1562 2726 1803 2791; x_wconf 86' lang='lat' dir='ltr'><strong>Sophista</strong></span> 
     </span>
     <span class='ocr_line' id='line_1_37' title="bbox 134 2797 1802 2862; baseline -0.001 -17"><span class='ocrx_word' id='word_1_297' title='bbox 134 2798 452 2847; x_wconf 57' lang='lat' dir='ltr'><strong>tractantur?</strong></span> <span class='ocrx_word' id='word_1_298' title='bbox 522 2797 633 2846; x_wconf 71' lang='lat' dir='ltr'><strong>lmo-</strong></span> <span class='ocrx_word' id='word_1_299' title='bbox 662 2798 897 2846; x_wconf 87' lang='lat' dir='ltr'><strong>naturalis</strong></span> <span class='ocrx_word' id='word_1_300' title='bbox 936 2800 1075 2862; x_wconf 87' lang='lat' dir='ltr'><strong>quasi</strong></span> <span class='ocrx_word' id='word_1_301' title='bbox 1110 2804 1163 2847; x_wconf 85' lang='lat' dir='ltr'><strong>et</strong></span> <span class='ocrx_word' id='word_1_302' title='bbox 1195 2799 1293 2862; x_wconf 82' lang='lat' dir='ltr'><strong>ipsi</strong></span> <span class='ocrx_word' id='word_1_303' title='bbox 1329 2799 1405 2850; x_wconf 80' lang='lat' dir='ltr'><strong>rei</strong></span> <span class='ocrx_word' id='word_1_304' title='bbox 1438 2804 1802 2847; x_wconf 86' lang='lat' dir='ltr'><strong>consentaneus</strong></span> 
     </span>
     <span class='ocr_line' id='line_1_38' title="bbox 135 2866 1802 2930; baseline 0.002 -15"><span class='ocrx_word' id='word_1_305' title='bbox 135 2866 263 2916; x_wconf 85' lang='lat' dir='ltr'><strong>ordo</strong></span> <span class='ocrx_word' id='word_1_306' title='bbox 308 2866 548 2917; x_wconf 84' lang='lat' dir='ltr'><strong>librorum</strong></span> <span class='ocrx_word' id='word_1_307' title='bbox 595 2868 678 2917; x_wconf 86' lang='lat' dir='ltr'><strong>hic</strong></span> <span class='ocrx_word' id='word_1_308' title='bbox 714 2874 823 2928; x_wconf 87' lang='lat' dir='ltr'><strong>est,</strong></span> <span class='ocrx_word' id='word_1_309' title='bbox 869 2883 1016 2930; x_wconf 83' lang='lat' dir='ltr'><strong>quem</strong></span> <span class='ocrx_word' id='word_1_310' title='bbox 1051 2885 1140 2919; x_wconf 88' lang='lat' dir='ltr'><strong>nos</strong></span> <span class='ocrx_word' id='word_1_311' title='bbox 1176 2869 1469 2928; x_wconf 75' lang='lat' dir='ltr'><strong>statuimus,</strong></span> <span class='ocrx_word' id='word_1_312' title='bbox 1512 2867 1575 2917; x_wconf 87' lang='lat' dir='ltr'><strong>de</strong></span> <span class='ocrx_word' id='word_1_313' title='bbox 1612 2884 1709 2930; x_wconf 81' lang='lat' dir='ltr'><strong>qua</strong></span> <span class='ocrx_word' id='word_1_314' title='bbox 1742 2882 1802 2914; x_wconf 81' lang='lat' dir='ltr'><strong>re</strong></span> 
     </span>
     <span class='ocr_line' id='line_1_39' title="bbox 134 2937 1801 3002; baseline -0.001 -15"><span class='ocrx_word' id='word_1_315' title='bbox 134 2938 415 2987; x_wconf 85' lang='lat' dir='ltr'><strong>monuimus</strong></span> <span class='ocrx_word' id='word_1_316' title='bbox 460 2938 585 2986; x_wconf 86' lang='lat' dir='ltr'><strong>item</strong></span> <span class='ocrx_word' id='word_1_317' title='bbox 619 2937 902 3002; x_wconf 83' lang='lat' dir='ltr'><strong>Prolegom.</strong></span> <span class='ocrx_word' id='word_1_318' title='bbox 939 2941 1003 2991; x_wconf 87' lang='lat' dir='ltr'><strong>ad</strong></span> <span class='ocrx_word' id='word_1_319' title='bbox 1039 2939 1249 2989; x_wconf 85' lang='lat' dir='ltr'><strong>Theaet.</strong></span> <span class='ocrx_word' id='word_1_320' title='bbox 1288 2954 1336 3002; x_wconf 78' lang='lat' dir='ltr'><strong>p.</strong></span> <span class='ocrx_word' id='word_1_321' title='bbox 1373 2938 1423 2989; x_wconf 77' lang='lat'><strong>5.</strong></span> <span class='ocrx_word' id='word_1_322' title='bbox 1494 2937 1685 2989; x_wconf 86' lang='lat' dir='ltr'><strong>Deinde</strong></span> <span class='ocrx_word' id='word_1_323' title='bbox 1720 2938 1801 2986; x_wconf 81' lang='lat' dir='ltr'><strong>vel</strong></span> 
     </span>
     <span class='ocr_line' id='line_1_40' title="bbox 137 3007 1800 3073; baseline -0.001 -15"><span class='ocrx_word' id='word_1_324' title='bbox 137 3008 313 3071; x_wconf 74' lang='lat' dir='ltr'><strong>exigua</strong></span> <span class='ocrx_word' id='word_1_325' title='bbox 349 3007 500 3057; x_wconf 89' lang='lat' dir='ltr'><strong>docet</strong></span> <span class='ocrx_word' id='word_1_326' title='bbox 546 3024 715 3057; x_wconf 87' lang='lat' dir='ltr'><strong>rerum</strong></span> <span class='ocrx_word' id='word_1_327' title='bbox 750 3009 1107 3073; x_wconf 81' lang='lat' dir='ltr'><strong>explicatarum</strong></span> <span class='ocrx_word' id='word_1_328' title='bbox 1145 3009 1455 3068; x_wconf 62' lang='lat' dir='ltr'><strong>observatio,</strong></span> <span class='ocrx_word' id='word_1_329' title='bbox 1504 3008 1554 3056; x_wconf 91' lang='lat' dir='ltr'><strong>in</strong></span> <span class='ocrx_word' id='word_1_330' title='bbox 1591 3009 1800 3057; x_wconf 76' lang='lat' dir='ltr'><strong>Parme-</strong></span> 
     </span>
     <span class='ocr_line' id='line_1_41' title="bbox 136 3078 1802 3144; baseline 0 -16"><span class='ocrx_word' id='word_1_331' title='bbox 136 3078 253 3128; x_wconf 86' lang='lat' dir='ltr'><strong>nide</strong></span> <span class='ocrx_word' id='word_1_332' title='bbox 289 3078 506 3130; x_wconf 75' lang='lat' dir='ltr'><strong>decute</strong></span> <span class='ocrx_word' id='word_1_333' title='bbox 542 3085 595 3129; x_wconf 84' lang='lat' dir='ltr'><strong>et</strong></span> <span class='ocrx_word' id='word_1_334' title='bbox 628 3083 896 3129; x_wconf 79' lang='lat' dir='ltr'><strong>non-ente</strong></span> <span class='ocrx_word' id='word_1_335' title='bbox 930 3079 1172 3144; x_wconf 85' lang='lat' dir='ltr'><strong>disputari</strong></span> <span class='ocrx_word' id='word_1_336' title='bbox 1207 3080 1304 3138; x_wconf 89' lang='lat' dir='ltr'><strong>sic,</strong></span> <span class='ocrx_word' id='word_1_337' title='bbox 1350 3084 1407 3127; x_wconf 89' lang='lat' dir='ltr'><strong>ut</strong></span> <span class='ocrx_word' id='word_1_338' title='bbox 1455 3094 1581 3144; x_wconf 86' lang='lat' dir='ltr'><strong>quae</strong></span> <span class='ocrx_word' id='word_1_339' title='bbox 1615 3081 1665 3129; x_wconf 89' lang='lat' dir='ltr'><strong>in</strong></span> <span class='ocrx_word' id='word_1_340' title='bbox 1701 3079 1802 3128; x_wconf 83' lang='lat' dir='ltr'><strong>So-</strong></span> 
     </span>
     <span class='ocr_line' id='line_1_42' title="bbox 136 3149 1800 3214; baseline 0.001 -17"><span class='ocrx_word' id='word_1_341' title='bbox 136 3149 305 3214; x_wconf 83' lang='lat' dir='ltr'><strong>phista</strong></span> <span class='ocrx_word' id='word_1_342' title='bbox 338 3150 418 3198; x_wconf 89' lang='lat' dir='ltr'><strong>his</strong></span> <span class='ocrx_word' id='word_1_343' title='bbox 456 3149 520 3200; x_wconf 88' lang='lat' dir='ltr'><strong>de</strong></span> <span class='ocrx_word' id='word_1_344' title='bbox 556 3150 708 3202; x_wconf 87' lang='lat' dir='ltr'><strong>rebus</strong></span> <span class='ocrx_word' id='word_1_345' title='bbox 752 3151 976 3213; x_wconf 85' lang='lat' dir='ltr'><strong>exposita</strong></span> <span class='ocrx_word' id='word_1_346' title='bbox 1012 3158 1156 3211; x_wconf 83' lang='lat' dir='ltr'><strong>sunt,</strong></span> <span class='ocrx_word' id='word_1_347' title='bbox 1202 3165 1262 3197; x_wconf 88' lang='lat' dir='ltr'><strong>ea</strong></span> <span class='ocrx_word' id='word_1_348' title='bbox 1307 3154 1537 3214; x_wconf 86' lang='lat' dir='ltr'><strong>tanquam</strong></span> <span class='ocrx_word' id='word_1_349' title='bbox 1573 3151 1670 3200; x_wconf 88' lang='lat' dir='ltr'><strong>iam</strong></span> <span class='ocrx_word' id='word_1_350' title='bbox 1707 3151 1800 3198; x_wconf 90' lang='lat' dir='ltr'><strong>ali-</strong></span> 
     </span>
     <span class='ocr_line' id='line_1_43' title="bbox 139 3219 1802 3285; baseline 0 -16"><span class='ocrx_word' id='word_1_351' title='bbox 139 3220 272 3270; x_wconf 87' lang='lat' dir='ltr'><strong>unde</strong></span> <span class='ocrx_word' id='word_1_352' title='bbox 325 3225 444 3269; x_wconf 84' lang='lat' dir='ltr'><strong>nota</strong></span> <span class='ocrx_word' id='word_1_353' title='bbox 489 3219 554 3268; x_wconf 83' lang='lat' dir='ltr'><strong>ad</strong></span> <span class='ocrx_word' id='word_1_354' title='bbox 586 3237 731 3273; x_wconf 86' lang='lat' dir='ltr'><strong>usum</strong></span> <span class='ocrx_word' id='word_1_355' title='bbox 765 3227 1093 3282; x_wconf 84' lang='lat' dir='ltr'><strong>revocentur,</strong></span> <span class='ocrx_word' id='word_1_356' title='bbox 1141 3235 1376 3285; x_wconf 87' lang='lat' dir='ltr'><strong>quorsum</strong></span> <span class='ocrx_word' id='word_1_357' title='bbox 1413 3222 1631 3284; x_wconf 85' lang='lat' dir='ltr'><strong>pertinet</strong></span> <span class='ocrx_word' id='word_1_358' title='bbox 1662 3221 1802 3281; x_wconf 86' lang='lat' dir='ltr'><strong>illud,</strong></span> 
     </span>
     <span class='ocr_line' id='line_1_44' title="bbox 140 3285 1803 3356; baseline 0.002 -17"><span class='ocrx_word' id='word_1_359' title='bbox 140 3290 274 3354; x_wconf 86' lang='lat' dir='ltr'><strong>quod</strong></span> <span class='ocrx_word' id='word_1_360' title='bbox 316 3292 388 3341; x_wconf 91' lang='lat' dir='ltr'><strong>ibi</strong></span> <span class='ocrx_word' id='word_1_361' title='bbox 434 3289 535 3340; x_wconf 81' lang='grc' dir='ltr'><strong>τοῦ</strong></span> <span class='ocrx_word' id='word_1_362' title='bbox 568 3286 644 3356; x_wconf 85' lang='grc' dir='ltr'><strong>μὴ</strong></span> <span class='ocrx_word' id='word_1_363' title='bbox 684 3285 845 3352; x_wconf 79' lang='grc' dir='ltr'><em>ὄντος</em></span> <span class='ocrx_word' id='word_1_364' title='bbox 889 3292 1024 3340; x_wconf 87' lang='lat' dir='ltr'><strong>nulla</strong></span> <span class='ocrx_word' id='word_1_365' title='bbox 1068 3291 1330 3340; x_wconf 82' lang='lat' dir='ltr'><strong>exhibetur</strong></span> <span class='ocrx_word' id='word_1_366' title='bbox 1363 3294 1643 3343; x_wconf 84' lang='lat' dir='ltr'><strong>accuratior</strong></span> <span class='ocrx_word' id='word_1_367' title='bbox 1677 3292 1803 3343; x_wconf 84' lang='lat' dir='ltr'><strong>defi-</strong></span> 
     </span>
     <span class='ocr_line' id='line_1_45' title="bbox 141 3361 1803 3429; baseline -0.001 -17"><span class='ocrx_word' id='word_1_368' title='bbox 141 3362 297 3424; x_wconf 84' lang='lat' dir='ltr'><strong>nitio,</strong></span> <span class='ocrx_word' id='word_1_369' title='bbox 332 3367 390 3412; x_wconf 86' lang='lat' dir='ltr'><strong>ut</strong></span> <span class='ocrx_word' id='word_1_370' title='bbox 425 3377 552 3426; x_wconf 86' lang='lat' dir='ltr'><strong>quae</strong></span> <span class='ocrx_word' id='word_1_371' title='bbox 586 3362 683 3413; x_wconf 86' lang='lat' dir='ltr'><strong>iam</strong></span> <span class='ocrx_word' id='word_1_372' title='bbox 717 3363 768 3414; x_wconf 87' lang='lat' dir='ltr'><strong>in</strong></span> <span class='ocrx_word' id='word_1_373' title='bbox 806 3362 1043 3429; x_wconf 82' lang='lat' dir='ltr'><strong>Sophista</strong></span> <span class='ocrx_word' id='word_1_374' title='bbox 1075 3361 1176 3415; x_wconf 83' lang='lat' dir='ltr'><strong>fuit</strong></span> <span class='ocrx_word' id='word_1_375' title='bbox 1207 3364 1491 3429; x_wconf 74' lang='lat' dir='ltr'><strong>proposita3</strong></span> <span class='ocrx_word' id='word_1_376' title='bbox 1533 3364 1585 3415; x_wconf 85' lang='lat' dir='ltr'><strong>in</strong></span> <span class='ocrx_word' id='word_1_377' title='bbox 1620 3363 1803 3427; x_wconf 77' lang='lat' dir='ltr'><strong>Sophi-</strong></span> 
     </span>
    </p>
   </div>
  </div>
 </body>
</html>
