2028 3750
209 223 281 273 28
782 213 1310 268 'PROLEGOMENA

209 364 428 430 quidem,
466 361 557 413 sed
593 362 940 412 definitionem
990 361 1256 420 sanequam
1291 356 1473 406 nullam
1510 357 1698 406 babent
1722 373 1887 423 neque

207 441 379 486 mente
425 443 812 501 cognoscuntur.
899 430 1037 491 Quae
1088 427 1305 491 quidems-
1323 429 1573 477 sententia
1610 446 1638 477 a
1676 430 1886 478 Socrate

207 508 325 556 inde
362 523 390 554 a
425 524 472 571 p.
515 506 632 552 2⁰7.
672 506 733 553 A.
769 502 901 549 hunc
938 501 987 546 in
1029 499 1229 546 modum
1252 500 1599 563 impugnatur.
1684 499 1886 566 Syllaba

207 583 294 627 aut
351 576 557 641 singulis
614 573 801 621 litteris
863 573 1087 627 constat,
1147 576 1232 617 aut
1290 574 1454 618 totum
1498 571 1728 633 quiddam
1790 576 1886 632 cst,

207 648 340 715 quod
393 664 453 696 ex
503 643 709 707 siugulis
748 643 1011 690 elementis
1050 641 1252 705 prodiit.
1337 639 1461 688 lllud
1500 642 1541 688 si
1579 644 1886 706 probaveris,

207 737 350 779 eum,
399 716 483 781 qui
516 722 708 763 certam
741 720 793 762 et
829 713 1147 779 perspicuam
1195 711 1350 759 habet
1385 710 1606 776 syllabae
1641 715 1887 777 cognitio-

205 806 345 848 nem,
396 780 765 836 concedendum
816 785 914 834 erit
964 784 1157 849 pariter
1205 784 1354 832 etiam
1418 783 1636 845 singulas
1693 784 1887 842 litteras

205 861 401 909 novisse
440 862 710 922 oportere,
745 871 953 919 eamque
998 854 1257 904 scientiam
1297 853 1436 919 prius
1473 855 1620 902 etiam
1658 855 1889 906 hausisse

205 947 350 995 quam
401 930 556 979 totius
603 928 823 994 syllabae
863 926 1214 990 cognitionem.
1298 925 1382 973 sin
1434 931 1596 983 autem
1645 925 1885 990 syllabam

202 1009 370 1051 totum
409 999 639 1065 quiddam
678 1015 794 1048 esse
829 998 1113 1063 putaveris,
1153 995 1283 1060 quod
1315 1013 1376 1044 ex
1413 996 1621 1059 singulis
1661 998 1886 1046 elemen-

203 1075 270 1122 tis
319 1074 586 1121 conflatum
636 1072 730 1131 sit,
779 1069 1050 1118 absurdum
1099 1067 1332 1132 quiddam
1377 1067 1528 1115 statui
1577 1083 1635 1115 ex
1671 1068 1764 1115 hac
1805 1085 1885 1116 ar-

204 1144 580 1210 gumentatione
615 1141 891 1207 apparebit.
966 1139 1336 1205 Syllaba,enim
1374 1138 1444 1186 ita
1480 1137 1677 1187 demum
1720 1145 1884 1188 totum

204 1216 408 1280 aliquod
445 1219 543 1272 est,
579 1219 637 1262 ut
674 1230 702 1261 e
740 1210 950 1276 singulis
986 1211 1172 1258 litt-cris
1208 1211 1258 1258 in
1293 1225 1445 1257 unum
1484 1210 1766 1259 coniunctisv
1798 1227 1885 1259 ex-

203 1288 384 1337 titerit.
468 1285 654 1335 Totum
690 1298 811 1331 vero
849 1280 964 1346 quid
1010 1281 1211 1330 tandem
1248 1279 1378 1329 aliud
1417 1285 1498 1329 est
1532 1296 1675 1346 quam
1714 1288 1886 1347 part-cs

205 1358 356 1408 simul
386 1355 816 1422 comprehensae‘!
890 1354 1089 1419 Quippe
1111 1358 1271 1400 totum
1310 1356 1533 1412 vocatur,
1570 1352 1620 1400 in
1643 1369 1739 1416 quo
1755 1353 1889 1415 “nibil

206 1430 370 1489 deest,
393 1428 542 1492 »quod
587 1429 649 1491 ad
676 1426 748 1474 rei
771 1428 999 1487 naturam.
1033 1424 1324 1488 requiritur,
1362 1423 1514 1486 idque
1551 1424 1697 1472 etiam
1735 1440 1886 1472 voca-

205 1517 318 1551 mus
381 1515 542 1549 omne.
633 1497 807 1561 ltaque
865 1502 1073 1544 totum
1133 1501 1186 1544 et
1233 1493 1409 1542 omne
1457 1494 1581 1542 nihil
1622 1495 1900 1544 differunt.'

205 1574 368 1622 Omne
402 1586 523 1619 vero
562 1573 615 1618 et
651 1569 814 1617 omnia
847 1567 982 1616 idem
1018 1571 1149 1615 sunt.
1223 1565 1295 1614 lta
1331 1581 1503 1614 omnes
1539 1566 1724 1615 milites
1762 1583 1887 1616 con-

202 1645 378 1693 ficiunt
414 1657 613 1690 omnem
661 1633 965 1697 exercitum,
1005 1638 1104 1686 hoc
1142 1642 1222 1693 est
1256 1641 1444 1697 totum,
1497 1644 1549 1684 et
1587 1628 1886 1687 ‹nrnnes'nu-

203 1716 331 1765 meri
370 1730 596 1771 omnem,
635 1706 829 1770 idest,
874 1715 1034 1759 totam
1069 1709 1150 1756 vel
1185 1709 1430 1772 integram
1475 1707 1709 1757 efficiunt
1749 1725 1886 1758 sum-

201 1804 350 1837 mam.
424 1786 587 1847 Quum
623 1784 777 1847 igitur
813 1782 1021 1831 omnia
1057 1782 1157 1830 sint
1193 1784 1427 1839 totum,
1467 1785 1638 1843 partes
1677 1771 1884 1830 alicuius

201 1859 487 1908 rei'totum
537 1856 643 1903 cius
690 1870 803 1902 esse
850 1852 1000 1900 facile
1050 1855 1274 1916 apparet.
1345 1849 1422 1898 Ex
1466 1865 1563 1914 quo
1599 1865 1774 1900 rursus
1810 1852 1887 1902 in-

202 1929 366 1993 telligi
414 1927 592 1986 debet,
655 1928 698 1974 si
746 1928 909 1973 totum
962 1929 1319 1988 cognoscatur,
1381 1921 1530 1971 etiam
1580 1928 1751 1986 partes
1801 1938 1887 1972 co-

204 2007 507 2067 gnoscantur
554 2009 767 2053 necesse
813 2010 964 2054 esse,
1025 2009 1191 2058 neque
1258 2008 1415 2058 posse
1470 1992 1626 2041 totius
1679 1993 1885 2042 alicuius

171 2103 174 2107 ·
205 2072 467 2121 scientiam
507 2069 672 2117 locum
707 2067 919 2126 babere,
959 2066 1053 2114 nisi
1089 2064 1221 2114 adsit
1258 2063 1639 2123 elementorum,
1683 2080 1744 2114 ex
1775 2065 1884 2129 qui-

203 2144 297 2193 bus
348 2145 571 2199 constat,
619 2139 749 2188 clara
785 2137 1034 2201 cognitio:
1092 2136 1193 2184 imo
1242 2138 1382 2183 tauto
1443 2135 1724 2186 evidentior
1783 2137 1884 2185 erit

157 2216 160 2219 ‘
202 2215 362 2264 totius
410 2211 660 2276 cognitio,
712 2224 809 2273 quo
859 2207 968 2272 quis
1014 2207 1294 2256 accuratius
1343 2206 1536 2270 singula
1571 2206 1659 2255 illa
1695 2222 1883 2273 cogno—-

200 2287 344 2335 verit.
432 2281 642 2332 Accedit
689 2280 824 2344 quod
870 2281 968 2328 ista
1013 2279 1212 2327 ratione
1274 2277 1562 2341 neutiquam
1603 2279 1885 2329 scientia

200 2357 339 2422 gigni
374 2355 583 2403 videtur.
658 2350 888 2414 Quamvis
926 2351 1058 2398 enim
1096 2349 1469 2408 accuratissima
1502 2349 1776 2399 instructus
1813 2352 1884 2399 sis

198 2430 482 2477 litterarum
520 2424 694 2472 notitia
732 2439 791 2471 ex
826 2422 988 2484 iisque
1025 2421 1241 2485 syllabas
1279 2435 1585 2484 componere
1632 2421 1883 2483 didiceris,

198 2506 367 2549 tamen
403 2498 453 2546 in
490 2495 766 2544 scribendis
803 2492 1057 2549 vocabulis
1095 2508 1240 2540 error
1285 2491 1449 2540 locum
1487 2492 1653 2540 habet.
1726 2493 1881 2541 Pote-

198 2572 270 2621 ris
321 2569 451 2618 enim
499 2562 672 2631 utique
719 2566 767 2613 in
806 2563 1082 2619 *scribendo
1132 2563 1407 2614 Theaeteti
1444 2563 1646 2612 nomine
1681 2580 1881 2624 errare3

198 2642 257 2692 P.
295 2641 415 2691 207.
454 2639 497 2689 A
537 2665 607 2673 ——
644 2636 763 2685 2⁰8.
803 2635 864 2687 B.

342 2781 527 2831 Restat
562 2779 715 2828 tertia
747 2778 907 2837 ratio,
947 2793 1041 2840 qua
1077 2776 1201 2825 illud
1235 2769 1375 2842 μετὰ
1407 2767 1578 2839 λόγου
1626 2774 1879 2838 interpre-

202 2860 382 2903 temur.
455 2853 635 2901 Potest
671 2851 800 2898 enim
840 2849 1065 2897 delinitio
1103 2863 1234 2906 esse,
1273 2863 1367 2911 qua
1403 2852 1552 2894 notae
1587 2845 1880 2906 afferuntur,

206 2926 384 2988 quibus
430 2940 541 2984 res,
593 2922 655 2971 de
707 2938 801 2985 qua
838 2922 1026 2984 agitur,
1076 2937 1104 2968 a
1140 2919 1328 2967 ceteris
1367 2919 1594 2967 omnibus
1630 2917 1883 2965 discerna-

205 3002 304 3044 tur.
379 2994 521 3054 Quod
561 3000 726 3042 tamen
764 2996 816 3040 et
850 2992 1015 3056 ipsum
1057 2989 1314 3039 eiusmodi
1346 2994 1449 3049 est,
1501 2994 1556 3037 ut
1601 2988 1880 3053 reprehen-

207 3066 337 3115 sioni
383 3065 546 3112 locum
594 3066 855 3113 concedat.
936 3062 1061 3112 Nam
1109 3060 1568 3128 primuquuidcm
1606 3059 1677 3107 ita
1713 3058 1880 3121 sequi-

206 3144 318 3195 tur,
367 3150 509 3193 eum,
555 3136 636 3197 qui
683 3136 943 3183 hominem
989 3135 1268 3197 quempiam
1323 3132 1483 3196 probe
1528 3130 1744 3189 noverit,
1783 3130 1879 3178 nisi

208 3212 355 3258 notas
395 3220 568 3254 omnes
608 3206 1196 3269 perspectas'habuerit‚
1243 3204 1418 3267 quibus
1468 3218 1494 3248 a
1529 3201 1731 3263 reliquis
1770 3199 1878 3247 dis-

210 3282 478 3335 cernatur,
517 3292 629 3323 eum
668 3277 815 3339 plane
852 3291 949 3325 uon
985 3277 1206 3325 novisse:
1246 3273 1376 3337 quod
1414 3276 1554 3320 certe
1590 3271 1879 3319 adversatur

211 3350 344 3399 vitae
383 3348 699 3410 quotidianae
736 3350 1092 3411 experientiae.
1162 3345 1289 3394 Nam
1324 3360 1435 3392 cum
1474 3347 1612 3391 recta
1647 3343 1880 3407 opinione

215 3425 357 3472 certe
392 3421 490 3469 iam
526 3419 787 3469 coniuncta
819 3433 932 3467 esse
966 3421 1131 3470 debet
1165 3421 1424 3477 notarum,
1471 3414 1649 3479 quibus
1675 3430 1770 3463 res
1805 3413 1882 3462 di-
