2028 3750
218 207 255 255 4
801 197 1070 247 PnoLEG
1079 197 1272 247 OMEN
1279 200 1320 248 A

205 360 320 409 -qne
356 347 524 392 mente
560 345 614 388 et
646 341 839 396 ratione
876 338 1420 402 comprehenderetur,
1456 345 1619 391 tamen
1657 357 1748 391 nce
1786 358 1898 393 sen-

227 416 365 464 sibus
401 413 518 462 nihil
557 411 872 460 tribuendum
915 410 1162 468 iudicavit,
1198 427 1367 459 verum
1405 413 1464 460 iis
1490 413 1739 476 opinionis
1762 424 1902 462 certe

231 487 451 551 speciem
490 489 542 533 et
576 480 1057 529 verisimilitudinem
1091 484 1356 529 concessit.
1424 484 1621 532 Putavit
1653 487 1784 532 enim
1811 502 1900 550 per

228 573 315 606 eos
351 556 486 605 affici
521 554 731 601 animum
771 552 923 598 rebus
962 553 1199 607 externis,
1237 553 1450 619 indeque
1487 555 1593 601 eins
1633 551 1898 621 παθήμα-

228 646 298 678 τα
336 628 571 691 qnaedam
613 623 749 680 oriri,
786 637 911 684 qnae
951 624 1145 672 etiamsi
1181 625 1421 672 scientiae
1452 628 1675 689 expertia
1712 632 1900 686 essent,

227 706 393 755 tamen
444 698 614 742 essent
659 694 972 752 neccssaria,
1023 695 1091 741 ita
1140 700 1197 741 ut
1246 696 1306 742 iis
1359 711 1499 742 mens
1549 697 1812 746 adhiberet
1851 705 1904 746 ct

230 769 370 831 quasi
417 763 849 823 accommodaret,
900 780 1026 827 quae
1075 766 1182 829 ipsa
1229 781 1322 830 per
1370 782 1424 813 se
1475 767 1820 818 intellexisset.
1861 784 1901 816 v.

229 839 498 887 Theaetet.
556 836 673 883 191.
723 835 777 883 C.
823 834 882 882 Ι).
943 836 1050 883 194.
1098 836 1155 883 D.
1238 836 1339 884 Sed
1399 838 1690 886 incredibile
1741 846 1904 887 tamen

228 909 367 958 dictu
417 911 528 966 est,
581 913 815 970 quantum
863 908 989 954 ratio
1039 907 1261 956 Platonis
1311 909 1371 955 ab
1417 908 1624 956 aliorum
1660 911 1907 957 sententia

228 980 423 1027 diversa
470 977 638 1025 fuerit.
721 976 865 1039 Quod
914 979 1045 1025 enim
1092 979 1179 1025 ille
1216 979 1471 1026 scientiam
1510 980 1572 1026 ad
1608 997 1729 1028 unas
1766 981 1905 1028 ideas

230 1050 517 1107 referebat,
578 1063 753 1111 magna
814 1049 861 1095 ei
923 1065 1034 1096 cum
1092 1050 1276 1096 ceteris
1338 1051 1564 1096 onmibus
1620 1057 1734 1099 nata
1791 1052 1908 1099 hinc

231 1120 571 1171 controversia
608 1124 718 1178 est,
768 1120 853 1182 qui
899 1121 1008 1168 illas
1045 1120 1124 1168 vel
1162 1120 1359 1169 omnino
1399 1137 1499 1168 non
1537 1123 1792 1171 novissent
1829 1123 1907 1171 vel

229 1198 371 1246 certe
405 1207 502 1240 non
538 1186 830 1256 probarent.

369 1331 600 1398 Inprimis
651 1335 818 1381 autem
864 1332 998 1380 duae-
1038 1331 1245 1380 fuerunt
1279 1333 1364 1380 illo
1412 1338 1642 1398 tempore
1679 1331 1911 1398 philoso-

230 1404 447 1471 phorum
497 1403 742 1464 familiae,
791 1419 914 1467 quae
964 1403 1122 1466 ipsiu-1
1174 1405 1453 1452 sententiae
1488 1405 1698 1458 mirifice
1735 1404 1911 1453 adver·

232 1481 490 1536 serentur,
541 1474 699 1523 altera
745 1474 1198 1538 Protagoreorum,
1247 1477 1546 1539 omninoque
1585 1491 1790 1535 eorum,
1828 1475 1913 1539 qui

232 1563 469 1596 sensnum
520 1547 869 1594 auctoritatem
925 1553 1283 1608 sequerentur,
1335 1547 1491 1595 altera
1554 1547 1906 1595 Eleaticorum

229 1617 535 1681 Protagoras
565 1619 696 1666 enim
733 1616 1043 1665 Heraclitum
1081 1622 1284 1665 secutus
1323 1621 1484 1666 omnia
1535 1619 1694 1666 fluere
1742 1617 1914 1666 existi-

230 1690 399 1738 mabat
438 1706 495 1736 ac
529 1695 794 1753 praeterea
829 1689 1082 1737 statuebat
1118 1704 1296 1736 sensus
1336 1695 1534 1738 nostros
1573 1690 1632 1738 ad
1668 1691 1795 1737 lianc
1831 1705 1914 1736 re-

231 1776 342 1808 rum
390 1761 717 1808 mutationem
766 1761 836 1807 ita
886 1775 941 1807 se
987 1759 1391 1817 accommodare,
1453 1767 1508 1809 ut
1554 1776 1756 1825 sempor
1802 1775 1914 1807 cum

230 1832 302 1880 iis*
329 1832 653 1879 convenirent
698 1835 848 1894 atque
893 1830 1160 1893 gignerent
1207 1846 1316 1878 cam
1355 1848 1500 1894 quam
1535 1833 1683 1896 vulgo
1719 1830 1916 1879 «licere-

231 1918 342 1951 mus
380 1903 654 1951 scientiam.
726 1901 900 1965 ltaque
934 1907 987 1948 et
1026 1902 1274 1950 hominem
1313 1903 1513 1951 volebat
1549 1918 1663 1952 esse
1696 1903 1914 1951 omnium

232 1989 403 2023 rerum
453 1974 593 2037 quasi
641 1988 954 2031 mensnram,
1005 1974 1250 2036 siquidem
1286 1975 1419 2036 quod
1456 1974 1665 2038 quisque
1703 1973 1916 2021 sentiret

234 2058 292 2093 nc
328 2046 643 2111 perciperet,
679 2043 730 2091 id
763 2044 814 2090 ei
851 2058 1021 2091 verum
1066 2049 1238 2103 csset3
1277 2049 1330 2091 et
1366 2045 1628 2093 veritatem
1665 2059 1765 2093 non
1801 2059 1916 2092 esse

235 2131 328 2181 per
363 2130 420 2162 se
457 2116 732 2174 iudicabat,
771 2114 860 2162 sed
899 2130 956 2161 ex
994 2130 1181 2177 genere
1219 2131 1417 2174 eorum,
1467 2132 1594 2179 quae
1630 2118 1693 2165 ad
1729 2113 1916 2178 aliquid

238 2185 561 2245 referuntur,
606 2185 710 2233 sive
756 2184 864 2234 τῶν
911 2184 1050 2249 πρός
1098 2185 1291 2245 τιςνὰε
1339 2187 1518 2249 quibus
1566 2188 1658 2235 viri
1695 2186 1913 2235 decretis

238 2262 443 2320 praeter
490 2272 579 2316 ea,
628 2273 753 2320 quae
799 2255 942 2304 Plato
987 2257 1099 2321 ipse
1148 2272 1209 2304 ex
1262 2258 1369 2305 eius
1420 2259 1670 2306 sententia
1706 2275 1754 2323 p.
1794 2257 1912 2304 151.

236 2328 297 2376 Ε.
337 2353 402 2364 -
443 2328 561 2375 16⁰.
600 2327 658 2375 E.
732 2327 1003 2375 Theaeteti
1050 2329 1338 2376 acutissime
1376 2331 1634 2393 exposuit,
1670 2327 1913 2394 legendus

238 2399 466 2463 inprimis
504 2403 584 2447 est
619 2398 857 2446 Sextus
894 2399 1000 2447 Em
1019 2401 1274 2463 piricus
1314 2400 1498 2464 Pyrrh.
1545 2400 1681 2466 Hyp.
1732 2402 1767 2449 1.
1808 2399 1915 2446 216

237 2497 308 2505 —
342 2469 462 2518 219.
510 2469 634 2518 Adv.
673 2468 921 2520 Mathem.
976 2470 1082 2520 Vll.
1119 2471 1189 2518 59
1217 2491 1293 2517 ³—
1330 2472 1401 2518 ⁴54
1457 2477 1511 2517 et
1547 2474 1651 2519 3159
1688 2499 1752 2507 -
1791 2469 1913 2518 388.

239 2539 369 2594 coll.
403 2539 575 2604 Diog.
625 2540 840 2589 Laelrt.
889 2540 950 2589 Χ.
996 2539 1082 2590 51.
1135 2542 1333 2591 Cicer.
1379 2542 1532 2589 Acad.
1585 2541 1645 2590 ΙΙ.
1683 2542 1768 2590 46.
1839 2540 1916 2588 Ex

241 2611 419 2675 quibus
456 2616 682 2676 apertum
721 2618 800 2661 est
837 2628 950 2659 eum
988 2613 1247 2660 scientiam
1283 2614 1427 2660 unice
1464 2613 1526 2660 ad
1564 2628 1739 2662 sensus
1768 2617 1919 2674 atque

239 2683 345 2730 visa
390 2683 655 2743 retulisse,
701 2684 772 2731 ita
824 2689 1018 2742 tamen,
1068 2689 1126 2731 ut
1161 2684 1269 2731 eius
1308 2685 1635 2732 constantiam
1673 2690 1726 2732 et
1758 2682 1916 2730 firmi-

239 2757 399 2803 tatem
445 2769 644 2803 omnem
698 2753 924 2803 funditus
971 2754 1259 2815 sustulerit,
1314 2755 1530 2819 ideoque
1589 2757 1739 2803 etiam
1791 2751 1914 2801 illud

240 2824 404 2874 παντὶ
440 2818 586 2890 λόγῳ
623 2818 793 2890 λόγον
826 2821 1199 2886 ἀντικεῖσθαι,
1234 2820 1364 2889 quod
1401 2832 1580 2891 postea
1603 2825 1700 2876 fuit
1720 2825 1916 2909 scepti-

241 2894 381 2942 cismi
430 2896 754 2960 principium,
805 2897 853 2944 in
891 2897 1168 2961 sapientiae
1204 2896 1512 2963 disciplinam
1553 2898 1742 2963 primus
1777 2897 1914 2944 inve-

240 2966 383 3011 xerit.
432 2981 474 3014 v.
522 2966 699 3031 Diog.
746 2966 959 3016 Βαὲτί.
1009 2967 1091 3016 ΙΧ.
1142 2967 1227 3016 51.
1264 2969 1434 3033 ibique
1469 2968 1823 3032 Menagium
1861 2982 1910 3029 p.

240 3033 360 3082 243.
447 3036 520 3083 Ab
568 3038 715 3086 huius
767 3038 1014 3089 sententia
1059 3055 1157 3087 non
1194 3039 1405 3088 multum
1441 3045 1792 3097 recesserunt,
1830 3036 1912 3100 qui

240 3105 495 3153 scientiam
542 3109 775 3158 volebant
822 3125 937 3159 esse
985 3110 1036 3158 in
1081 3116 1223 3158 recta
1269 3112 1500 3175 opinione
1549 3124 1641 3174 per
1676 3123 1914 3158 sensmun

239 3177 594 3239 perceptiones
643 3185 754 3227 orta
796 3182 875 3229 vel
920 3181 1071 3229 etiam
1116 3183 1166 3229 in
1203 3187 1342 3229 recta
1380 3181 1612 3245 opinione
1645 3173 1783 3246 μετὰ
1817 3175 1911 3229 λό-

238 3262 373 3309 you:
423 3263 631 3310 quorum
682 3251 840 3312 qualis
887 3251 1134 3301 sententia
1180 3251 1364 3311 fuerit,
1411 3253 1646 3301 discimus
1690 3251 1751 3298 ab
1798 3252 1910 3315 ipso

238 3316 449 3366 Platone
487 3318 698 3367 Ἡιεκεῐ.
730 3336 777 3382 p.
816 3322 927 3369 187.
967 3323 1011 3389 A
1048 3338 1153 3386 sqq.
1192 3322 1397 3370 et2o1.
1437 3322 1496 3373 1).
1533 3339 1639 3386 sqq.
1711 3322 1908 3386 Nempe

237 3385 291 3435 hi
329 3403 525 3453 quoque
561 3389 799 3439 scientiae
837 3393 1080 3457 originem
1117 3409 1146 3442 a
1180 3393 1298 3444 visis
1347 3398 1400 3443 et
1437 3394 1666 3445 sensibus
1701 3398 1906 3460 repete·
