2028 3750
221 173 294 226 44
803 170 1326 227 PROLEGOMENA

224 315 457 366 subtilius
506 316 717 365 rimatus
764 319 845 364 est
889 315 1343 377 Aristotcles,
1406 318 1490 381 qni
1537 328 1690 382 quum
1724 311 1790 369 τό
1827 336 1905 383 μη

223 381 290 438 ὅν
324 387 538 437 vidisset
575 385 807 450 ambigue
841 384 971 449 dici,
1009 387 1289 453 simplicem
1328 389 1646 452 negationem
1684 389 1907 454 appella-

221 459 295 507 vit
327 453 643 529 ἀπόφασιν,
687 456 947 508 relativam
998 459 1257 525 στέρησιν
1305 461 1526 521 vocavit,
1576 463 1730 524 atque
1767 461 1904 510 illam

222 530 420 586 censuit
467 543 665 578 omnem
713 529 913 579 omnino
960 527 1168 580 alicuius
1219 529 1298 579 rei
1333 531 1610 581 absentiam
1649 530 1907 592 denotare,

222 600 354 651 hauc
393 604 557 650 autem
604 598 732 650 nihil
778 599 912 652 aliud
949 615 1066 653 esse
1111 600 1209 650 nisi
1245 600 1453 651 alicuius
1490 602 1766 666 praedicati
1803 603 1910 667 pri-

223 672 508 732 vationem,
546 686 676 734 quae
713 669 900 733 aliquid
937 671 1035 721 sibi
1071 673 1355 723 subiectum
1391 673 1623 723 haberet.
1657 687 1704 721 v.
1737 671 1908 723 Meta-

219 742 368 808 phys.
404 741 492 794 111.
513 741 605 796 63.
628 741 692 793 al.
768 741 873 794 Sed
909 743 1032 796 satis
1068 743 1165 792 iam
1203 748 1433 808 apertum
1468 749 1717 810 putamus,
1755 759 1907 808 quan-

219 819 403 879 topere
453 812 785 867 Socherus
832 814 1011 866 harum
1063 830 1233 867 rerum
1271 816 1632 883 perspicientia
1667 816 1905 875 caruerit,

221 890 295 934 ut-
314 900 414 934 non
451 899 578 949 opu·
603 885 671 933 sit
697 885 984 949 opinionem
1007 885 1115 937 eius
1149 885 1380 951 longiore
1421 885 1763 951 disputatione
1788 901 1908 936 con-

219 955 408 1006 futare.
478 954 765 1008 Redeamus
799 956 957 1020 igitur
993 971 1084 1018 eo,
1122 958 1255 1006 unde
1292 957 1496 1008 deflexit
1532 957 1721 1017 oratio,
1755 962 1908 1021 atque

220 1028 287 1078 de
318 1028 383 1091 *iis
421 1042 754 1091 exponamus,
800 1043 928 1091 quae
975 1028 1211 1078 subtilem
1258 1028 1386 1089 hanc
1423 1028 1804 1098 elegantemque
1841 1029 1907 1077 de

217 1099 447 1152 idearum
483 1099 831 1152 communione.
864 1114 924 1151 ac
948 1098 1323 1153 necessitudine
1351 1099 1741 1169 disputationem
1763 1099 1906 1151 dein-

219 1186 344 1237 ceps
384 1170 654 1238 excipiunt

359 1284 440 1335 Ex
472 1284 537 1334 iis
571 1283 756 1349 igitur,
793 1299 921 1349 quae
954 1283 1197 1336 hactenus
1236 1290 1355 1337 sunt
1394 1286 1656 1352 explicata,
1693 1285 1908 1350 denique

220 1339 376 1406 etiam
413 1371 621 1405 caussae
659 1360 713 1406 et
749 1357 968 1421 origines
1008 1358 1197 1407 erroris
1245 1363 1398 1422 atque
1433 1358 1626 1408 fraudis
1663 1362 1907 1422 repetun-

214 1429 337 1490 'tur,
375 1428 516 1476 cuius
552 1426 847 1483 facultatem
883 1426 1090 1480 Eristici
1139 1443 1198 1477 ac
1235 1427 1508 1494 Sophistae
1544 1428 1771 1479 funditus
1805 1427 1906 1478 tol·-

219 1499 410 1548 lebant.
482 1497 539 1549 In
575 1514 670 1563 qua
706 1503 852 1568 parte
888 1501 1057 1567 operis
1082 1498 1447 1564 quodammodo
1484 1499 1816 1566 perficiuntur
1852 1503 1907 1548 et

221 1574 628 1622 consummantur
669 1585 756 1631 ea,
794 1585 921 1637 quae
957 1571 1007 1620 in
1044 1571 1327 1621 Theaeteto
1363 1570 1426 1620 de
1463 1570 1624 1622 falsae
1659 1571 1906 1638 opinionis

223 1643 420 1708 origine
452 1642 506 1694 in
539 1646 802 1707 utramque
839 1645 1038 1706 partem
1075 1642 1418 1702 disseruntur,
1459 1647 1515 1692 ut
1545 1643 1668 1692 hinc
1706 1657 1906 1707 quoque

222 1718 493 1780 appareat,
544 1727 690 1778 quam
752 1718 892 1763 arcta
936 1714 1005 1764 sit
1051 1716 1315 1778 utriusque
1360 1713 1476 1766 libri
1521 1714 1808 1765 coniunctio
1854 1717 1908 1762 et

220 1783 564 1835 necessitudo.
637 1784 865 1834 Docetur
913 1789 1082 1838 autem
1130 1801 1358 1835 errorem
1396 1789 1451 1834 et
1478 1783 1706 1837 fraudem
1744 1785 1796 1834 in
1829 1784 1907 1834 iu-

219 1858 368 1907 diciis
397 1872 456 1906 ac
492 1857 806 1907 sermonibus
834 1857 1024 1908 nostris
1049 1858 1120 1906 ita
1154 1857 1344 1908 habere
1368 1856 1550 1918 locum,
1589 1858 1632 1906 si
1655 1856 1906 1908 diversum

223 1928 457 1994 quiddam
495 1928 557 1978 ab
593 1928 679 1989 iis,
718 1943 845 1992 quae
880 1943 1001 1978 vere
1038 1934 1180 1990 sunt,
1228 1928 1310 1977 vel
1344 1927 1563 1978 dicamus
1598 1927 1682 1979 vel
1718 1931 1907 1977 statua-

223 2015 350 2050 mus,
419 1999 586 2065 Atque
624 2014 684 2051 ex
719 1999 815 2048 hac
850 2000 960 2064 ipsa
996 1999 1345 2051 observatione
1377 1999 1592 2064 denique
1628 1999 1908 2048 illustratur

221 2073 305 2133 id,
354 2071 489 2120 unde
535 2071 765 2122 universa
814 2070 1087 2136 disputatio
1134 2070 1370 2136 profecta
1407 2075 1533 2123 erat.
1606 2069 1906 2119 Ostenditur

222 2144 355 2192 enim
393 2142 510 2191 inde
548 2141 667 2206 quid
704 2141 944 2207 Sophista
981 2141 1048 2191 sit
1084 2148 1139 2192 et
1176 2141 1424 2209 quomodo
1463 2158 1492 2192 a
1522 2156 1759 2205 germano
1797 2138 1906 2189 dif-

221 2215 358 2263 ferat
404 2213 737 2278 Philosopho.
806 2212 934 2263 Nam
971 2212 1311 2278 Philosophus
1369 2213 1609 2264 scientiae
1647 2217 1701 2260 et
1733 2211 1907 2277 cogni-

221 2287 374 2336 tionis
411 2300 531 2334 vere
568 2286 824 2350 particeps
863 2289 968 2346 est3
1007 2283 1275 2350 Sophistes
1313 2288 1481 2336 autem
1517 2284 1758 2334 mentitur
1793 2288 1904 2332 tan-

221 2355 480 2408 tummodo
531 2357 757 2421 speciem
820 2356 1096 2421 sapientiae
1155 2351 1235 2423 (v.
1289 2371 1343 2420 p.
1391 2353 1517 2407 235.
1550 2356 1631 2406 A.
1677 2354 1797 2403 241.
1845 2353 1904 2404 Β.

221 2428 324 2477 267
386 2427 440 2477 G.
476 2426 540 2479 Ε.
578 2426 696 2475 268.
733 2425 870 2491 Β.);,
914 2427 1001 2478 ille
1046 2427 1240 2480 habitat
1291 2427 1343 2476 in
1378 2426 1644 2476 scrutanda
1679 2424 1906 2474 idearum

221 2503 419 2549 ratione
457 2503 511 2548 et
546 2502 687 2549 recta
722 2512 939 2563 veraque
975 2498 1356 2559 coniunctione,
1399 2496 1530 2562 quod
1568 2497 1709 2560 quasi
1745 2497 1931 2561 ipsius‘

222 2571 484 2637 proprium
521 2575 701 2618 munus
739 2574 844 2630 est3
880 2568 963 2618 hic
1001 2569 1306 2621 delitescere
1343 2568 1515 2619 studet
1551 2568 1602 2617 in
1639 2582 1733 2629 eo,
1771 2566 1905 2630 quod

220 2658 323 2692 non
361 2645 469 2703 est,
516 2644 826 2706 venaturque
872 2641 964 2689 sub
1014 2641 1254 2705 sapientis
1294 2641 1466 2705 specie
1503 2644 1662 2688 artem
1700 2637 1907 2689 fallendi

223 2730 282 2763 ac
320 2710 603 2777 decipiendi
641 2713 708 2777 (v.
746 2729 796 2778 p.
838 2710 959 2761 253.
998 2711 1055 2761 Β.
1102 2740 1161 2747 -
1201 2712 1262 2762 Ε.
1303 2729 1353 2778 p.
1394 2711 1519 2762 254.
1556 2711 1615 2761 A.
1653 2706 1766 2777 B.);
1816 2710 1906 2759 de-

222 2786 375 2849 nique
402 2783 644 2848 Sophiste
681 2782 1030 2834 fraudulentus
1069 2788 1149 2832 est
1181 2799 1331 2832 verae
1370 2783 1645 2848 sapientiae
1667 2781 1904 2842 imitator,

226 2858 309 2919 qni
341 2855 634 2905 disserendo
674 2855 723 2903 in
762 2853 991 2904 fraudem
1038 2859 1091 2903 et
1128 2870 1354 2904 errorem
1388 2853 1648 2903 audientes
1684 2852 1907 2917 pellicit;

223 2926 565 2992 Philosophus
605 2932 772 2975 autem
807 2933 926 2974 vere
959 2932 1206 2991 recteque
1244 2926 1518 2990 sapientiae
1555 2920 1722 2972 studio
1762 2923 1905 2972 dedi-

225 3002 307 3046 tus
360 3004 466 3059 est,
510 3002 567 3048 ut
609 2997 734 3049 nihil
775 2998 1105 3050 simulationis
1153 3001 1237 3048 aut
1287 2995 1700 3047 dissimulationis
1752 2994 1806 3044 in
1841 3006 1904 3042 eo

226 3071 522 3133 reperiatur.

365 3167 443 3215 En
489 3169 675 3233 igitur,
723 3170 1064 3235 percurrimus
1111 3167 1311 3218 tandem
1343 3167 1594 3231 ,graviora
1649 3163 1905 3214 doctrinae

227 3239 278 3288 in
318 3235 557 3302 Sophiste
591 3241 806 3291 traditae
845 3243 1031 3307 capita,
1085 3257 1210 3304 quae
1249 3239 1435 3302 aliquid
1469 3235 1902 3301 interpretationis

230 3307 456 3372 flagitare
491 3309 801 3364 videbantur.
875 3314 982 3375 Qua
1031 3313 1141 3377 ipsa
1183 3327 1243 3360 re
1280 3309 1622 3359 confirmatum
1659 3321 1773 3355 esse
1808 3322 1903 3370 pu-

231 3386 411 3442 tamus,
450 3380 578 3444 quod
617 3388 762 3432 autea
799 3383 863 3433 de
897 3383 1054 3434 totius
1091 3383 1262 3448 operis
1298 3383 1591 3446 argumento
1628 3382 1683 3428 et
1715 3391 1903 3444 propo-
