2028 3750
786 170 1213 259 sorm's'rA.
1776 201 1847 251 63

288 349 482 414 9Εο.
562 336 631 404 Τί
677 350 736 403 δὲ
778 345 1020 419 μάλιστα
1057 347 1150 400 καὶ
1194 339 1259 398 τὸ
1301 335 1470 396 ποῖόν
1503 358 1560 393 τι
1594 339 1721 412 περὶ
1754 337 1847 392 αὐ-

163 436 276 491 τῶν
310 437 684 509 διαπορηθεὶς
717 427 1328 506 ἐρέσθαιδιενοήθηςς

306 521 455 575 Es&
532 517 701 574 Τόδε·
745 515 984 592 πότερον
1031 519 1090 572 ἓν
1134 511 1320 570 ’πάντα
1364 510 1548 564 ταῦτα,
1585 505 1844 580 ἐνόμιζον

161 600 200 672 ἢ
249 601 379 669 δύο,
413 600 472 672 ἢ
508 601 767 676 καθάπερ
803 599 873 657 τὰ
909 599 1162 672 ὀνόματα
1196 602 1348 671 τρία,
1395 597 1525 668 ’τρία
1571 597 1664 649 καὶ
1709 599 1842 664 γε’νη

163 687 545 765 διαιρούμενοι
581 689 712 745 καθ’
746 691 804 744 ἓν
840 685 1020 760 ὄνομα
1054 692 1215 759 γένος
1249 680 1458 753 ἑκάστῳ
1494 681 1843 755 προςῆπτον;

307 803 478 859 &EQ
556 801 699 856 Ἀλλ’
753 799 961 865 οὐδείς,
1011 799 1083 864 ὥς
1112 793 1365 871 ἱὲγιιᾶίιιοιι,
1412 789 1646 870 φθόνος
1690 792 1845 864 αὐτῷ

162 888 413 942 διελθεῖν
447 885 606 943 αὐτά.
634 883 721 942 'H
749 888 890 951 πῶς,
929 880 972 940 ὦ
1006 886 1150 953 ξένε,
1186 886 1457 954 λέγωμενς

304 998 417 1062 ΞΕ.
486 998 691 1064 Οὕτως,
726 993 769 1053 ὦ
797 997 1061 1072 Θεόδωρε.
1099 993 1331 1071 φθόνος
1363 996 1466 1065 μὲν
1500 988 1605 1066 γὰρ
1642 992 1839 1057 οὐδείς,
1889 1017 1935 1069 Β

163 1076 298 1140 οὐδὲ
318 1083 559 1157 χαλεπὸν
595 1091 791 1148 εἰπεῖν’,
829 1078 929 1137 ὅτι
977 1102 1036 1152 γε
1070 1084 1197 1154 τρία
1233 1079 1501 1151 ἡγοῦντο·
1551 1077 1683 1132 καθ’
1723 1085 1840 1133 ἕκα-

160 1189 296 1225 στον
348 1167 459 1240 μὴν
517 1171 886 1242 διορίσασθαι
947 1168 1164 1241 σαφῶς,
1231 1170 1285 1221 τί
1341 1162 1476 1220 ποτ’ι
1532 1167 1711 1228 ἐστίν,
1776 1162 1843 1218 οὐ

161 1253 398 1330 σμικρὸν
436 1254 564 1310 οὐδὲ
597 1252 798 1327 ῥᾴδιον
834 1255 1009 1327 ἔργον.

1541 1359 1595 1391 V

305 1371 410 1423 ΘΕ
415 1373 478 1422 0.
550 1370 668 1422 Καὶ
702 1370 805 1437 μὲν
841 1364 910 1432 δὴ
947 1356 1087 1420 κατὰ
1121 1361 1291 1436 τύχην
1325 1383 1413 1435 γε,
1449 1355 1492 1416 ὦ
1526 1356 1847 1431 ῌώκρατες,

156 1451 337 1524 λόγων
368 1452 635 1524 ἐπελάβου
673 1453 1068 1523 παραπλησίων
1105 1443 1183 1504 ὦν
1220 1453 1312 1504 καὶ
1347 1452 1479 1522 πρὶν
1514 1444 1662 1514 ἡμᾶς
1698 1444 1839 1518 δεῦρ’

156 1542 350 1596 ἐλθεῖν
399 1540 760 1613 διερωτῶντες
808 1531 979 1591 αὐτὸν
1023 1532 1406 1607 ἐτυγχάνομεν.
1456 1531 1486 1588 ὁ
1534 1534 1594 1588 δὲ
1644 1532 1838 1596 ταῦτα,

270 1750 324 1792 Ρ.
357 1754 456 1795 217.
516 1748 608 1791 καὶ
635 1750 759 1806 γένη
791 1744 1208 1803 διαιρούμενοι]
1248 1741 1321 1786 Sic
1350 1743 1447 1787 Vat.
1479 1745 1583 1790 Ven.
1617 1745 1678 1790 Π.
1711 1744 1830 1792 Flor.

156 1808 185 1851 i.
221 1808 338 1851 Vett.
375 1809 493 1851 editt.
538 1808 613 1848 καὶ
649 1804 703 1847 τὰ
741 1809 851 1863 γένη.
913 1806 1152 1860 Stephanus
1190 1804 1294 1844 coni.
1326 1815 1404 1856 pro
1429 1804 1549 1858 γένος
1579 1802 1739 1857 ἑκάστῳ
1767 1805 1833 1847 le-

156 1865 342 1919 gendum
372 1879 471 1906 esse
498 1867 612 1920 γένει
640 1861 816 1918 ἑκάστῳ.
848 1863 924 1905 sed
953 1863 1050 1905 vide
1079 1863 1321 1903 Comment-

272 1919 304 1974 ἤ
330 1921 437 1971 πῶς
473 1922 737 1977 λέγωμεν]
799 1921 1123 1962 Coniunctivum
1164 1932 1242 1973 pro
1284 1919 1394 1971 vulg.
1434 1916 1606 1975 λέγομεν
1636 1916 1842 1962 exhibue-

155 1984 256 2022 runt
283 1979 409 2021 codd.
445 1992 594 2022 omnes
621 1984 794 2034 praeter
821 1978 924 2026 Par.
959 1977 1063 2022 EF.
1097 1981 1141 2019 et
1172 1976 1208 2018 F
1212 1978 1291 2022 lor.
1322 1975 1351 2017 i.

211 2117 344 2175 ἧμῐν
412 2116 586 2173 ἡδέως
643 2114 706 2158 ἂν
760 2115 952 2171 numa]

156 2178 269 2220 Usus
297 2177 364 2220 hic
392 2177 522 2218 dativi
553 2174 711 2218 ethicus
740 2175 953 2216 neminem

154 2235 281 2279 hodie
310 2235 558 2276 morabitur.
616 2233 827 2286 Exempla
863 2232 955 2273 eius

156 2293 267 2334 bene
305 2295 438 2334 multa
474 2295 645 2344 praeter
684 2288 954 2331 Heindor-

154 2354 280 2395 fium
315 2348 371 2390 ad
401 2347 442 2392 h.
474 2350 501 2391 l,
543 2347 716 2400 collegit
756 2346 955 2387 Astius

153 2411 209 2452 ad
238 2409 376 2460 Legg.
409 2419 451 2459 p.
483 2411 520 2446 9.
546 2404 655 2447 conf.
690 2403 795 2445 infra
827 2403 882 2444 ad
910 2416 952 2456 p.

155 2472 254 2508 229.
286 2464 339 2507 Ε.
373 2485 423 2493 —·
485 2464 537 2503 οἱ
574 2461 693 2515 περὶ
723 2459 818 2501 τὸν
846 2461 956 2501 ἐκεῖ

153 2522 349 2572 τόπον,
378 2518 559 2562 Eleatici
590 2516 837 2572 philosophi.

212 2581 265 2622 Ρ.
320 2582 417 2620 217.
501 2575 532 2630 ἢ
595 2573 851 2631 καθάπερ
896 2596 954 2606 -

152 2632 494 2692 προςῆπτον]
537 2645 618 2684 an,
658 2631 824 2672 sicuti
867 2643 953 2673 no-

154 2695 298 2735 mina
342 2691 473 2739 tria,
518 2689 591 2729 ita
629 2689 792 2729 etiam
843 2690 953 2730 tria

152 2759 354 2801 genera
376 2769 388 2785 ι
406 2745 576 2786 distin
593 2749 820 2796 guentes
857 2757 953 2798 per

154 2805 370 2858 singula
398 2800 608 2843 nomina
648 2813 818 2851 genus
849 2801 954 2842 cui-

152 2875 251 2915 que
289 2858 494 2914 (nomini)
533 2856 754 2909 aliquod
798 2857 953 2898 attri-

153 2918 390 2960 buerint.
479 2916 544 2956 lta
600 2915 636 2953 si
696 2912 800 2954 haec
856 2926 952 2954 cum

150 2971 490 3017 Heindorfio
521 2970 835 3023 acceperimus,
876 2982 953 3011 ne-

151 3045 234 3085 que
265 3034 373 3084 γένει
403 3042 495 3070 cum
539 3025 813 3081 Stephano
855 3039 952 3068 cor-

151 3088 371 3141 rigendum
430 3084 640 3125 videbitur
692 3095 830 3135 neque
881 3085 949 3136 γε’-

150 3161 223 3194 voc
265 3141 642 3192 exterminandum,
688 3153 796 3193 quae
835 3140 945 3181 ratio

152 3202 310 3243 Astio
353 3200 522 3253 placuit.
582 3198 642 3238 Et
670 3202 787 3238 certe
817 3196 942 3239 codd.

153 3272 301 3300 omnes
331 3258 385 3298 de
414 3257 581 3306 vulgata
608 3254 790 3297 lectione
821 3266 945 3307 egre-

151 3317 221 3370 gie
250 3314 526 3356 consentiunt.

210 3372 264 3413 Β.
328 3369 357 3424 ἢ
403 3367 507 3418 πῶς
552 3391 611 3400 ·—-
640 3365 944 3422 Χλε’γωμενς]

153 3427 282 3473 Quod
325 3428 451 3480 vulgo
495 3426 715 3481 legebatur
751 3425 944 3480 λέγομεν,

1038 2114 1264 2157 indicativo
1294 2113 1441 2166 modo‚
1477 2112 1519 2155 id
1549 2115 1602 2156 ab
1631 2112 1712 2156 hoc
1741 2115 1840 2156 loco

1039 2173 1222 2214 alienum
1260 2178 1336 2214 est.
1404 2172 1555 2224 Neque
1604 2172 1715 2213 enim
1759 2171 1841 2213 hoc

1042 2229 1144 2271 dicit
1173 2229 1445 2271 Theodorusz
1475 2242 1537 2270 an
1566 2227 1839 2282 quomodo

1042 2287 1290 2339 dicimus,
1323 2300 1349 2328 o
1381 2285 1576 2338 amice3
1616 2286 1730 2338 quod
1769 2285 1840 2326 fo-

1040 2349 1107 2386 ret
1137 2345 1227 2386 eius
1246 2375 1258 2396 ,
1293 2343 1363 2397 qui
1393 2344 1469 2385 sibi
1499 2343 1554 2384 ‹le
1583 2356 1635 2385 ea
1662 2356 1709 2384 re
1740 2355 1838 2384 cum

1041 2403 1176 2443 altero
1206 2401 1291 2442 iam
1323 2397 1572 2443 convenisse
1607 2400 1840 2453 significat3

1039 2458 1117 2500 sed
1149 2458 1248 2500 data
1276 2458 1446 2500 alterius
1466 2456 1638 2498 nomine
1658 2469 1839 2511 respon-

1037 2517 1157 2558 sione
1204 2515 1291 2559 iam
1350 2516 1412 2556 sic
1456 2515 1713 2567 interrogat:
1773 2524 1836 2555 an

1034 2572 1306 2626 quomodo
1339 2570 1682 2613 statuamus?
1720 2569 1760 2614 11.
1793 2583 1833 2613 e.

1035 2643 1090 2671 an
1127 2629 1343 2682 quomodo
1380 2642 1458 2671 nos
1498 2629 1551 2670 de
1593 2630 1637 2669 te
1673 2626 1750 2667 liae
1791 2627 1835 2667 in

1035 2697 1083 2730 re
1113 2686 1354 2728 sentiamus.
1414 2687 1561 2737 Itaque
1581 2683 1644 2724 hic
1661 2682 1834 2736 quidem

1035 2742 1254 2796 probanda
1276 2748 1342 2783 est
1359 2743 1481 2783 unice
1501 2740 1694 2781 codicum
1719 2740 1834 2792 opti-

1035 2811 1202 2841 morum
1240 2804 1367 2852 atque
1405 2798 1679 2852 plurimorum
1723 2796 1833 2838 scri·-

1035 2860 1169 2910 ptura.

1092 2913 1144 2956 B.
1206 2909 1299 2952 aaz
1335 2911 1431 2964 μὲν
1473 2904 1532 2964 δὴ
1573 2904 1713 2951 κατὰ
1743 2905 1835 2954 τύ·

1031 2982 1130 3021 χην
1170 2990 1228 3000 --
1273 2965 1685 3022 ἐτυγχάνομεν]
1756 2968 1832 3009 Ac

1035 3025 1187 3067 forte
1230 3024 1473 3077 fortuna,
1517 3038 1543 3065 o
1573 3025 1829 3077 Socrate,

1033 3094 1122 3123 res
1173 3082 1420 3135 attigisti
1481 3081 1692 3123 similes
1742 3081 1829 3133 iis,

1033 3138 1097 3179 de
1154 3139 1355 3191 quibus
1424 3139 1586 3180 etiam
1642 3138 1829 3192 prius-

1031 3207 1182 3247 quam
1224 3208 1318 3236 nos
1354 3195 1447 3237 huc
1485 3195 1828 3239 venissemus

1029 3252 1201 3305 ipsum
1259 3253 1826 3306 interrogabamus.

1027 3309 1138 3352 Nam
1185 3304 1243 3349 ὦν
1290 3322 1367 3364 per
1412 3310 1705 3352 attractionem
1749 3323 1828 3363 pro

1029 3363 1103 3411 οὕς
1132 3367 1351 3432 positumfi
1374 3367 1711 3420 quandoquidem
1741 3382 1827 3406 πα-

1029 3419 1262 3480 ραπλήσιος
1288 3424 1413 3467 sicuti
1443 3425 1618 3481 πλησίος
1650 3429 1692 3466 et
1721 3423 1827 3478 πλη-
