2028 3750
726 174 1210 239 *SOPHISTAp
1730 188 1806 240 τις

227 366 230 369 -
258 332 467 388 &EA

250 439 366 523 ΞΕ.
413 446 522 500 Τί
545 446 639 500 δέ·
614 488 633 516 ,
683 440 787 513 τὴν
806 438 1127 565 χειρωτικὴν
1153 432 1247 518 αρ’
1297 440 1365 499 οὔ
1389 445 1507 522 διχῇ
1531 446 1806 519 τμητέον·
1779 486 1800 517 ,

252 556 462 613 ΘΕΑΙ.
544 556 674 633 Πῆ·
653 598 672 625 ,

251 662 366 727 ΞΕ.
454 663 532 723 Τὸ
576 671 677 739 μὲν
720 664 1054 744 ἀναφανδὸν
1094 663 1228 724 ὅλον
1267 666 1628 739 ἀγωνιστικόν
1660 672 1808 728 ,θέν-
1853 670 1900 724 Ε

127 771 258 816 τας,
300 747 364 806 τὸ
408 753 469 806 δὲ
511 751 785 827 κρυφαῖον
826 750 1000 819 αὐτῆς
1040 755 1163 808 πᾶν·
1197 749 1555 826 θηρευτικόν.

260 837 466 891 &EM
552 839 688 892 Ναί.

221 914 364 980 ΞΕ.
451 915 568 985 Την
604 941 663 989 γε
705 915 816 990 μὴν
855 914 1202 993 θηοευτικὴν
1255 913 1467 988 ἄλογον
1510 916 1573 975 τὸ
1617 917 1695 994 μὴ
1739 920 1806 978 οὐ

127 1008 339 1075 τέμνειν
382 1004 518 1079 διχῆ.

255 1086 459 1141 ΘΕΑΙ.
543 1088 684 1153 Λέγε
728 1080 857 1161 ὅπῃ.

254 1164 369 1230 ΞΕ.
458 1165 535 1224 Τὸ
581 1173 681 1242 μὲν
721 1166 950 1246 ἀψύχου
993 1172 1184 1238 γένους
1221 1171 1606 1243 ὃιελομένους”,.
1649 1167 1715 1226 τὸ
1753 1169 1806 1227 δ’

127 1249 398 1331 ἐμψύχου.

181 1375 194 1379 -
255 1337 463 1393 ΘΕΛΙ.
552 1326 622 1391 Τί
659 1331 801 1407 μή·,·ν
843 1335 991 1407 εἴπερ
1036 1338 1196 1393 ἐστον
1237 1360 1296 1404 γε
1344 1334 1532 1415 ἄμφω.

253 1416 370 1483 ΞΕ.
450 1423 588 1505 Πῶς
631 1422 687 1475 δὲ
736 1417 837 1475 οὐκ
863 1422 1072 1492 ἔστον5
1116 1424 1210 1477 καὶ
1251 1425 1331 1477 δεῖ
1365 1446 1422 1491 γε
1449 1419 1596 1493 ἡμᾶς
1617 1418 1683 1478 τὸ
1707 1423 1810 1495 μὲν
1847 1420 1954 1473 22⁰

128 1500 242 1559 τῶν
299 1502 569 1580 ἀψύχων,
607 1499 901 1590 ἀνώνυμον
946 1501 1014 1560 ὃν
1056 1502 1202 1572 πλὴν
1243 1504 1368 1561 κατ’
1419 1509 1538 1560 &ma
1582 1509 1681 1574 τῆς
1722 1528 1819 1562 κο-

131 1583 467 1661 ὶυμβητικῆς
505 1583 651 1643 ἄττα
686 1593 827 1662 μέρη
869 1591 963 1644 καὶ
987 1587 1206 1644 τοιαῦτ’
1258 1587 1400 1645 ἄλλα
1428 1593 1653 1664 βραχέα,
1692 1593 1820 1663 χαί-

550 334 823 390 Φαίνεται
864 331 1007 402 γοῦν
1039 335 1106 385 ὲκ
1142 329 1259 387 τῶν
1297 333 1612 404 ειρημένων.

244 1807 300 1851 Ε.
355 1805 712 1863 ἀγωνιστικόν
752 1811 993 1863 θέντας]
1052 1802 1168 1854 ve'tt.
1210 1807 1327 1853 editt.
1368 1810 1546 1863 θέντες,
1574 1809 1691 1863 quod
1721 1816 1850 1854 mu-'

134 1866 309 1908 tandum
336 1865 612 1909 Heindorfius
641 1867 760 1909 vidit.
820 1869 1121 1910 Accusativum
1151 1867 1373 1908 confirmat
1401 1866 1504 1908 Par.
1549 1866 1604 1911 E.
1638 1880 1747 1910 corr.

79 1956 82 1959 .
252 1919 352 1975 Τήν
391 1938 445 1977 γε
483 1941 581 1980 μην
616 1923 992 1978 θηρευτικήν]
1032 1924 1170 1967 Codd.
1202 1923 1294 1964 fere
1323 1936 1471 1965 omues
1502 1929 1603 1978 post
1633 1924 1725 1977 Τήν
1751 1925 1821 1968 in-

131 1985 360 2035 terponunt
391 1981 451 2022 ὃέ.
502 1981 601 2024 Noli
628 1982 823 2036 probare.

245 2038 297 2079 P.
339 2042 437 2079 220.
496 2036 787 2093 ἀνώνυμον
827 2037 909 2094 ὃν]
971 2038 1092 2081 Libri
1148 2033 1368 2091 ἀνώνυμον
1417 2036 1505 2078 ἐᾶν.
1562 2036 1822 2081 Emendavit

130 2093 422 2137 Heindorfius.
481 2096 591 2139 Dein
621 2095 822 2150 Stephan.
854 2097 926 2136 καὶ
954 2099 1057 2138 ἔνια.
1090 2107 1212 2137 mero
1242 2108 1397 2137 errore.
1456 2094 1568 2136 Nam
1589 2095 1686 2136 Ald.
1713 2096 1818 2137 Bas.

134 2155 172 2191 1.
212 2156 411 2250 2.,cu1312
431 2153 558 2195 codd.
596 2167 701 2196 mss.
745 2155 940 2196 omnibus
984 2150 1078 2195 κατ’
1123 2153 1228 2193 ἔνια.
1286 2151 1395 2195 Mox
1434 2151 1541 2195 Ven.
1570 2152 1636 2195 11.
1665 2151 1736 2194 καὶ
1765 2151 1822 2195 τά

130 2223 285 2251 ‘coboev't
330 2225 387 2250 αι’
413 2225 456 2250 α.

132 2421 226 2448 nav
258 2407 398 2462 tetigit
434 2404 708 2448 Ruhnken.
745 2405 800 2448 ad
831 2405 931 2449 Cal-
1014 2419 1143 2461 quum
1181 2410 1326 2449 tamen
1362 2405 1421 2450 illi
1467 2407 1544 2463 μὲν
1580 2404 1708 2451 bene
1751 2421 1825 2452 re-
1859 2421 1862 2424 ’

133 2463 301 2507 l1mach1
317 2465 488 2518 Fraam
510 2478 552 2518 p.
577 2468 673 2503 590.
731 2464 798 2505 De
829 2477 934 2505 con-

132 2521 430 2563 structionev.
451 2521 508 2562 ad
526 2521 655 2562 Polit.
687 2534 727 2574 p.
761 2526 858 2565 269.
881 2521 930 2562 C.

191 2578 245 2621 E,
307 2575 674 2630 ἀγωνιστικὸν
707 2580 929 2632 θέντας]

134 2635 278 2678 Recte
307 2633 681 2675 Heindorfius
711 2648 790 2687 pro
820 2637 933 2688 vulg.

135 2693 290 2736 θέντες
363 2690 554 2744 reposuit
621 2692 935 2743 accusativum,

137 2760 266 2802 quem
294 2760 402 2788 unus
431 2747 531 2788 Par.
563 2745 616 2788 E.
649 2760 702 2787 ex
731 2761 837 2789 corr.
868 2753 937 2789 te-

138 2809 226 2847 net.
309 2804 420 2846 Nam
476 2815 775 2857 praegressum
837 2803 939 2844 illud

136 2861 323 2915 τμητέον
347 2860 462 2902 idem
503 2863 570 2901 est
614 2859 730 2911 quod
773 2861 939 2913 τέμνειν

139 2919 225 2961 δεῖ.
281 2917 378 2959 Νοη
405 2930 501 2958 rara
533 2919 599 2956 est
619 2914 723 2956 haec
744 2921 940 2961 constru-

139 2990 250 3040 ctio,
296 3001 378 3042 qua
416 2986 605 3030 verbalia
632 2985 672 3026 in
701 3000 797 3026 τεον
826 2984 940 3026 desi-

137 3021 282 3090 nentia
311 3044 594 3085 accusativum
623 3054 831 3096 personae
862 3042 940 3083 sibi

140 3104 382 3147 adiunctum
412 3101 579 3143 habent.
623 3113 662 3141 v.
694 3099 748 3141 ad
778 3098 940 3140 Criton.

231 3165 300 3202 49.
352 3162 403 3201 A.
455 3157 590 3210 Gorg.
644 3170 685 3210 p.
731 3161 828 3198 512.
884 3155 940 3196 D.

140 3177 325 3261 ἓΙιοεόν.
358 3229 401 3270 p
434 3219 530 3256 272.
561 3213 612 3255 h.
674 3212 943 3255 Matthiae

143 3276 383 3316 Grammat.
414 3272 453 3324 ς.
487 3275 584 3314 447.
617 3285 656 3315 a.
715 3269 823 3313 Mox
850 3270 943 3337 ple-

142 3332 262 3384 rique
290 3331 383 3374 libri
411 3330 459 3371 δέ
484 3343 529 3383 γε
558 3343 645 3384 μην
668 3323 943 3380 θηρευτικήν.

146 3387 236 3430 Sed
266 3388 318 3429 δέ
351 3386 645 3451 interpqsitum
685 3385 850 3426 videtur
889 3383 945 3424 ob

146 3457 446 3499 praegressum
489 3437 549 3484 Τό
580 3442 656 3498 μὲν
685 3437 948 3499 ἀναφανδόν,

1016 2463 1243 2532 spondeat
1255 2460 1355 2519 μήν’.

1074 2522 1139 2563 Tc
1177 2519 1300 2577 μήν,·
1340 2520 1504 2590 εἴπερ
1550 2522 1715 2562 ἴστον
1763 2536 1824 2576 γε

1016 2576 1204 2634 ἄμφω]
1235 2578 1294 2622 H.
1316 2591 1355 2620 e.
1377 2579 1424 2619 τί
1449 2573 1536 2632 μὴν
1564 2577 1694 2629 ἄλλος
1721 2580 1824 2621 Hoc

1020 2637 1132 2679 enim
1164 2636 1287 2677 dicit:
1320 2635 1527 2678 Quidni
1558 2634 1684 2676 haec
1715 2636 1822 2677 duo

1019 2704 1223 2746 genera
1278 2692 1683 2743 discernamus,
1750 2692 1823 2732 si-

1021 2749 1236 2801 quidem
1265 2750 1415 2790 ambo
1445 2760 1823 2814 reverarepe-

1022 2805 1259 2846 riuntur.
1330 2805 1404 2845 Sic
1441 2805 1488 2845 τί
1514 2799 1624 2859 μήν;
1663 2806 1705 2845 in
1740 2805 1824 2846 hoc

1022 2874 1106 2902 uno
1125 2861 1233 2901 libro
1252 2859 1342 2902 fere
1364 2861 1559 2903 tricesies
1578 2866 1821 2916 usurpatur,

1022 2922 1070 2958 ut
1100 2919 1295 2970 exempla
1324 2918 1387 2959 rei
1419 2918 1572 2960 afferre
1591 2919 1825 2972 poeniteat.

1081 2986 1132 3027 P
1157 2990 1253 3030 220.
1285 2983 1574 3042 ἀνώνυμον
1603 3002 1662 3028 ον
1674 2981 1824 3056 ..nl-rb·

1023 3038 1146 3083 κάτ’
1176 3045 1316 3094 ἔνια]
1349 3043 1495 3086 Locus
1524 3043 1612 3096 hic,
1651 3044 1687 3085 si
1728 3044 1823 3098 quis

1024 3100 1244 3151 aliua,i11
1289 3100 1413 3142 codd.
1464 3105 1510 3144 et
1553 3105 1655 3143 vett.
1699 3102 1823 3144 editt.

1026 3156 1179 3203 vitiose
1221 3158 1413 3212 scriptus.
1486 3157 1599 3202 Nam
1641 3170 1720 3213 pro
1759 3157 1825 3210 ὅν,

1026 3212 1138 3267 quod
1177 3213 1231 3256 de
1274 3215 1519 3258 coniectura
1555 3214 1826 3257 Heindor—

1027 3270 1048 3312 s
1053 3270 1088 3311 ii
1116 3271 1390 3325 restituimuS,
1419 3273 1463 3315 in
1492 3272 1686 3316 omnibus
1718 3273 1827 3314 scri-

1028 3331 1147 3382 ptum
1187 3329 1340 3382 legitur
1375 3326 1460 3373 ἐᾶν.
1530 3329 1660 3373 Quod
1700 3330 1827 3370 vitio-

1029 3395 1124 3434 sum
1163 3399 1259 3427 esse
1299 3386 1438 3439 arguit
1463 3384 1532 3440 id,
1562 3385 1677 3438 quod
1707 3385 1827 3426 dein-

1029 3455 1134 3497 ceps
1192 3443 1407 3497 sequitur,
1470 3443 1635 3500 χαίρειν
1687 3438 1822 3484 ἰᾶσαι.
