2028 3750
232 190 299 246 1⁰
806 181 1319 242 PROLEGOMENA

229 333 292 381 «le
351 329 587 396 Sophista
649 331 844 394 quidem
902 329 987 380 ille
1054 327 1310 375 nobiscum
1368 330 1570 392 penitus
1627 328 1890 384 omsentit.

228 402 325 464 Qui
362 403 403 450 si
442 410 559 467 post
593 402 928 451 Thenete-tum
966 398 1013 445 in
1050 396 1214 447 lucem
1251 398 1394 459 exiit,
1442 401 1536 451 iam
1582 402 1702 448 satis
1742 417 1893 464 praev

227 474 340 521 sidii
375 473 435 522 ad
475 473 705 524 tuendam
741 468 933 522 exordii
971 467 1102 516 illins
1141 467 1434 531 elegantiam
1472 478 1697 536 paratum
1734 471 1894 522 habe„

225 545 582 606 1n¹1S.Q110d
630 546 796 589 autem
841 544 1063 591 nostram
1114 539 1178 588 de
1229 545 1483 604 tempore,
1533 558 1631 612 quo
1679 542 1733 590 Ιιί
1780 542 1894 590 libri

225 615 496 696 conscripti
543 617 685 670 sunt
734 611 1071 663 coniecturam
1119 626 1216 660 non
1253 610 1573 661 mediocriter
1610 613 1893 672 communit

223 685 273 733 id
324 681 539 747 positum
583 688 663 735 est
704 682 754 730 in
805 681 1095 745 quibusdam
1144 675 1367 739 indiciis.
1414 683 1548 731 unde
1593 684 1656 737 (le
1703 684 1796 731 hae
1835 700 1895 732 re

224 755 560 807 coniecturam
596 751 769 803 facere
801 752 966 802 liceat.
1038 752 1163 801 Nam
1215 753 1429 818 primum
1479 753 1677 815 quidem
1717 754 1894 803 Prota·

222 841 370 889 goras
413 829 485 891 „Ut
547 825 642 876 iam
692 828 918 873 mortuus
967 830 1399 877 commemoratur.
1470 823 1546 876 Ex
1584 839 1894 889 quoconsee

223 897 417 958 quitur,
471 900 529 943 ιιι
575 894 888 944 Theaetetus
925 900 1043 962 post
1075 895 1275 960 Olymp.
1311 894 1487 951 xcm.
1524 895 1572 944 8.
1609 914 1671 944 :a
1714 912 1892 946 annum

218 967 341 1015 4¹0.
377 983 430 1018 a.
470 966 589 1014 Chr.
628 982 675 1015 n.
713 967 931 1030 scriptus
969 981 1081 1015 esse
1129 966 1336 1015 iudIcari
1384 967 1583 1019 debeat.
1656 967 1756 1016 Sed
1795 967 1894 1015 hoo

220 1037 425 1086 letius
477 1037 597 1086 Plus
653 1036 891 1085 momenti
939 1038 1001 1086 ad
1047 1053 1154 1088 rem
1191 1036 1341 1097 facit,
1387 1037 1515 1100 quod
1560 1038 1611 1089 iu
1649 1039 1894 1106 principio

218 1108 336 1157 libr-i
374 1125 539 1190 pugna
587 1108 648 1157 ad
686 1109 980 1159 Coninthum
1016 1114 1461 1168 commemoratur,
1508 1124 1635 1172 quae
1683 1125 1779 1158 non
1819 1109 1892 1158 vi-

219 1180 370 1228 detur
405 1180 500 1227 alia
536 1196 666 1240 esse,
707 1196 853 1243 quam
891 1196 1014 1259 quae
1049 1196 1079 1228 a
1113 1179 1455 1231 Domestliene
1490 1181 1597 1228 adv.
1626 1179 1894 1246 Leptinem
1945 1196 1947 1199 ’

217 1250 270 1315 §.
290 1251 367 1299 41.
383 1256 588 1300 vocatur
617 1269 647 1313 η
673 1246 880 1316 116702712
905 1245 1052 1317 μάχη
1080 1247 1220 1317 πρὸς
1241 1250 1740 1317 Λακεδαιαονίους,
1774 1269 1808 1313 η
1833 1254 1892 1302 ὲν

203 1315 513 1386 ’Κορίνθῳ
587 1322 886 1387 Intelligitur
934 1323 1087 1386 igitur
1125 1322 1310 1371 bellum
1347 1322 1495 1383 illud,
1548 1320 1680 1391 qnod
1715 1321 1893 1378 decem

215 1393 356 1441 aunis
395 1398 513 1457 post
549 1394 1025 1458 Peloponnesiacum
1072 1395 1258 1442 exarsit
1303 1399 1355 1442 et
1391 1393 1540 1458 uligo
1577 1393 1893 1445 Corinthium

213 1464 510 1514 nominatur.
584 1465 914 1514 Commissum
953 1471 1117 1514 autem
1142 1463 1272 1530 apud
1311 1464 1607 1514 Corinthum
1645 1465 1893 1531 proelium

218 1541 300 1583 est
335 1534 618 1601 Diophanto
655 1535 913 1590 Archonte
948 1552 1075 1589 auno
1112 1536 1160 1591 2,
1184 1535 1486 1601 olym1›.96.
1522 1552 1564 1585 ν.
1605 1535 1892 1602 ΧειιορΙι,

215 1604 418 1656 Hellen.
446 1607 527 1658 lV.
563 1607 613 1668 2,
652 1608 702 1657 8.
740 1606 994 1656 Diodor.
1035 1606 1167 1658 XIV.
1191 1608 1276 1656 83.
1297 1607 1466 1671 ibique
1502 1607 1892 1673 Wesseling.

216 1676 320 1726 lam
369 1693 490 1726 vero
535 1678 677 1728 Plato
714 1679 852 1728 annis
889 1680 1051 1728 tribus
1091 1683 1365 1742 quatuorve
1402 1679 1626 1743 proxime
1662 1680 1895 1744 superio-

216 1749 356 1797 ribus
388 1749 592 1810 Italiam,
631 1750 861 1816 Cyrenen
902 1756 956 1798 et
978 1751 1261 1815 Aegyptum
1284 1750 1594 1805 lustraverat,
1632 1766 1679 1807 v.
1717 1751 1893 1816 υἷος,

214 1818 432 1879 ιιιᾷξτι.
470 1820 550 1869 lii.
590 1822 652 1880 6,
687 1821 738 1870 7.
813 1821 962 1870 Unde
997 1821 1269 1880 efficitur..
1299 1826 1354 1869 ut
1398 1820 1530 1870 huuc
1577 1822 1756 1872 librum
1792 1837 1893 1876 nou

213 1891 284 1939 ita
330 1891 487 1941 multo
537 1897 654 1956 post
700 1893 914 1942 reditum
964 1893 1013 1943 iu
1063 1893 1270 1957 patriam
1311 1891 1575 1957 evulgasse
1609 1893 1892 1942 existiman-

206 1963 308 2011 *dus
359 1963 438 2014 sit.
519 1963 646 2011 Nam
694 1964 952 2027 quominus
999 1970 1275 2014 statuamus
1322 1963 1519 2028 longius
1569 1965 1892 2027 praeteriisse

213 2035 457 2105 temporis
495 2036 737 2099 spatium,
764 2035 1080 2099 priusquam
1116 2050 1172 2081 se
1208 2035 1282 2082 ad
1308 2050 1421 2082 eum
1457 2034 1774 2090 scribendum
1811 2035 1891 2085 vel

211 2097 564 2169 publicandum
587 2107 871 2166 accinxerit,
909 2110 1051 2153 certe
1085 2105 1209 2153 illud
1242 2105 1469 2170 impedit,
1508 2104 1639 2169 quod
1677 2112 1893 2158 exeunte

215 2191 447 2230 sermone
483 2177 701 2225 Socratis
740 2183 971 2240 tanquam
1007 2193 1035 2224 a
1070 2175 1263 2225 Meleto
1300 2178 1522 2225 accusati
1555 2179 1741 2226 mentio
1779 2178 1890 2226 inii-

214 2246 373 2307 citur3
419 2249 552 2311 quod
589 2253 730 2295 certe
765 2248 1036 2297 absurdum
1074 2247 1242 2308 foret,-
1293 2248 1336 2297 si
1385 2253 1519 2307 tum,
1568 2264 1718 2312 quum
1761 2248 1889 2298 liaeo

213 2317 401 2382 scripta
448 2324 588 2377 suut,
639 2318 861 2368 Socratis
907 2335 1055 2366 causa
1104 2324 1314 2383 propter
1359 2320 1602 2383 temporis
1644 2319 1888 2372 diuturni-‚2

212 2393 366 2440 tatem
403 2389 498 2446 iam
536 2406 693 2454 paene
729 2392 779 2445 in
813 2390 1066 2438 hominum
1105 2390 1402 2438 oblivionem
1425 2391 1645 2440 abiisset.
1716 2391 1889 2456 ltaque

210 2461 481 2508 verisimile
528 2467 608 2510 est
656 2462 828 2525 utique
863 2461 1197 2509 Theaetetum
1235 2462 1441 2509 circiter
1478 2462 1675 2527 olymp.
1713 2463 1800 2514 96.
1837 2464 1886 2512 3.

210 2530 291 2579 vel
341 2532 389 2579 4.
428 2532 670 2597 scriptum
706 2549 820 2582 esse
869 2538 953 2580 aut
1000 2538 1140 2581 certe
1188 2534 1484 2596 evulgatum.
1560 2533 1671 2593 Quo
1719 2540 1886 2584 sumto

209 2605 262 2649 et
310 2603 522 2665 probato
567 2603 681 2651 inde
730 2620 757 2651 a
803 2603 1013 2651 Socrate
1075 2610 1271 2652 mortuo
1328 2610 1432 2652 tum
1491 2604 1735 2667 temporis
1796 2622 1884 2655 sex

208 2678 467 2737 septemve
513 2675 625 2727 anmi
662 2674 920 2733 effluxisse
958 2674 1162 2738 putandi
1198 2680 1342 2734 sunt,
1391 2679 1447 2722 ut
1494 2690 1670 2722 recens
1722 2675 1885 2724 adhuc

208 2743 347 2797 esset
393 2744 487 2800 fati
540 2746 848 2804 acerbissimi
889 2746 1152 2807 memoria,
1191 2762 1287 2810 quo
1323 2745 1398 2796 vir
1449 2746 1884 2797 innocentissimus

207 2822 317 2864 erat
354 2831 645 2881 oppressus

346 2955 510 3027 Atque
547 2958 645 3007 hoo
681 2973 888 3023 prorsus
927 2959 1132 3024 egregie
1168 2957 1440 3010 concordat
1477 2974 1590 3007 cum
1625 2958 1719 3007 alia
1756 2975 1881 3023 qua-.-

205 3025 315 3078 ‹lam
353 3042 441 3083 re
489 3043 613 3090 qnae
661 3031 722 3077 ad
776 3047 859 3079 res
897 3031 1054 3094 ipsius
1094 3029 1312 3080 Platonis
1349 3035 1499 3092 atque
1536 3029 1683 3077 vitam
1721 3030 1878 3094 perti-

203 3104 304 3145 net.
379 3097 520 3159 Quod
571 3101 700 3147 enim
737 3101 882 3150 Plato
921 3107 1117 3150 mortuo
1156 3102 1367 3150 Socrate
1407 3099 1455 3147 id
1494 3100 1687 3148 consilii
1723 3116 1878 3163 cepe-

203 3174 308 3226 rat,
363 3173 425 3215 ιιι
466 3168 628 3217 missis
678 3172 890 3233 puhlicis
938 3173 1150 3237 negotiis
1199 3173 1344 3219 unice
1393 3171 1665 3233 sapientiae
1711 3171 1878 3218 studio

201 3245 401 3288 vacaret
445 3266 515 3274 -—
561 3240 746 3303 quippe
795 3241 1262 3307 desperaverat‘de
1323 3242 1531 3292 civitatis
1578 3242 1702 3297 adeo
1764 3258 1875 3290 cor-

201 3318 380 3374 ruptae
417 3325 473 3357 ac
512 3309 809 3373 depravatae
848 3315 1007 3363 salute
1048 3341 1110 3350 -
1149 3314 1198 3362 id
1241 3328 1337 3361 nou
1383 3311 1607 3362 defuisse
1646 3312 1908 3361 videntur.

203 3381 285 3445 qui
323 3381 368 3429 ei
404 3380 702 3429 Niehbuhrii
756 3388 810 3432 et
845 3383 1258 3435 Forchhammeri
1306 3384 1462 3434 instar
1511 3383 1721 3434 maxime
1766 3390 1872 3436 tum
