2028 3750
174 201 246 253 40
762 198 1238 256 PROLEGOMEN
1243 202 1283 252 A

178 343 315 398 nulla
347 349 523 409 potest
568 359 683 396 esse
732 344 931 393 sublato
952 369 956 372 >
979 347 1148 403 motu,
1198 344 1271 395 ita
1306 343 1530 394 vicissim
1563 340 1737 394 eadem
1773 361 1860 394 au-

181 415 406 477 feretur,
444 416 488 466 si
521 422 812 466 moveantur
849 415 1041 477 omnia,
1076 414 1300 480 nihilque
1337 416 1406 465 sit
1440 420 1707 477 constans,
1743 430 1861 481 per-

182 493 417 553 petuum,
464 487 843 550 sempiternum.
923 484 1093 551 Menti,
1134 500 1254 536 vero
1303 491 1455 552 atque
1503 484 1864 550 intelligentiae

181 572 396 612 necesse
433 563 514 606 est
547 556 734 620 aliquid
770 559 839 607 sit
874 556 1175 620 subiectum,
1211 559 1346 626 quod
1377 557 1474 609 sibi
1509 572 1712 625 semper
1746 572 1866 614 conr

185 633 290 682 stet
327 632 380 676 et
415 627 548 678 idem
587 634 797 681 maneat.

326 697 644 764 magnopere
689 700 774 750 hie
819 697 1092 749 cavendum
1143 703 1252 762 est,
1298 715 1363 748 ne
1401 698 1518 764 quid
1556 698 1728 748 doceri
1763 698 1868 747 exi-

186 770 478 830 stimemus,
525 769 658 836 quod
695 788 724 820 a
758 770 983 821 Platonis
1020 771 1217 820 ratione
1254 771 1537 822 abhorreat.
1605 769 1872 819 Pei-tinent

186 842 320 891 euim
361 838 488 893 haee
540 843 603 894 ad
650 841 965 893 subtiliorem
1018 842 1082 891 de
1127 841 1254 892 ideis
1312 842 1614 902 doctrinam,
1672 840 1870 907 qualem

185 911 333 965 Plato
381 913 432 962 in
482 911 727 980 Sophista
778 918 833 964 et
877 911 1175 964 Parmenide
1224 914 1481 979 exposuit,
1539 927 1708 976 quum
1749 911 1870 961 alibi

189 999 301 1035 eam
332 984 491 1050 magis
529 983 857 1053 populariter
894 989 949 1034 et
989 975 1051 1035 ad
1087 983 1344 1050 vulgarem
1378 985 1634 1035 hominum
1672 987 1872 1048 captum

188 1053 564 1106 accommodate
614 1055 972 1111 illustraverits
1030 1054 1107 1104 De
1156 1071 1253 1119 qua
1302 1071 1362 1104 re
1408 1056 1639 1106 nolumus
1684 1054 1871 1103 iterare

190 1141 317 1191 qnae
354 1125 712 1192 disputavimus
748 1127 800 1177 in
837 1125 1216 1192 Prolegomenis
1255 1127 1445 1176 nostris
1488 1126 1551 1175 ad
1578 1124 1870 1179 Parmenid.

192 1197 270 1247 ed.
306 1198 423 1251 mai.
459 1197 615 1249 Libro
651 1197 709 1251 11.
746 1213 860 1263 cap.
895 1200 944 1251 3.
1019 1198 1194 1262 ltaque
1245 1194 1366 1248 hic
1381 1213 1478 1248 non
1515 1198 1567 1247 in
1605 1211 1666 1245 eo
1703 1197 1873 1260 acqui-

191 1269 351 1329 escit,
403 1270 542 1334 quod
587 1267 758 1319 docuit
803 1268 950 1328 alibi,
999 1267 1138 1320 ideas
1192 1285 1308 1319 esse
1349 1269 1501 1319 rebus
1549 1266 1644 1318 sub
1694 1282 1898 1317 sensus.

192 1339 486 1392 cadentibus
533 1341 795 1407 oppositas
845 1345 898 1390 et
945 1340 1246 1402 contrarias,
1298 1339 1515 1404 ideoque
1562 1345 1739 1388 natura
1785 1354 1875 1388 sua

114 1444 118 1446 -
192 1412 542 1476 sempiternas,
576 1411 894 1471 constantes,
932 1425 1136 1477 semper
1176 1413 1251 1460 sui
1289 1411 1508 1471 similes3
1542 1410 1635 1460 sed
1671 1415 1876 1475 praeter

189 1483 319 1540 lianc
355 1488 565 1533 naturae
601 1482 929 1535 constantiam
965 1481 1027 1532 iis
1063 1482 1293 1535 attribuit
1330 1482 1480 1534 etiam
1520 1485 1740 1542 motum,
1774 1496 1874 1546 quo

189 1553 281 1604 fiat
315 1559 372 1604 ut
409 1559 463 1604 et
497 1555 642 1618 ipsae
677 1560 1045 1619 cognoscantur
1080 1559 1136 1604 et
1169 1553 1266 1605 vim
1303 1552 1484 1619 agendi
1506 1551 1876 1636 ‘efficiendique

190 1623 425 1675 habeant.
510 1624 656 1691 Quod
703 1624 1006 1692 planissime
1050 1626 1283 1676 convenit
1341 1640 1456 1677 eum
1502 1624 1593 1686 iis,
1626 1639 1773 1709 quae
1825 1624 1877 1673 in

191 1693 493 1746 Parmenide
538 1712 589 1764 p.
628 1696 745 1746 142.
780 1696 840 1746 Β.
877 1722 946 1733 -·
987 1695 1103 1746 155.
1148 1695 1207 1744 Ε.
1258 1695 1325 1745 de
1370 1695 1451 1759 τῷ
1498 1695 1579 1747 ἐνὶ
1617 1687 1738 1746 ὄντι
1774 1693 1879 1746 sive

191 1766 328 1819 Uno
367 1767 576 1822 finito
614 1765 960 1821 disseruntur:
1008 1782 1107 1833 quo
1143 1767 1259 1821 loco
1311 1767 1435 1820 illud
1471 1767 1684 1818 docetur
1717 1767 1878 1816 varias

195 1843 251 1889 et
284 1836 592 1906 multiplices
626 1827 820 1890 habere
851 1839 1101 1901 rationes,
1154 1839 1333 1904 quibus
1382 1843 1437 1891 et
1474 1853 1646 1887 seeum
1675 1837 1789 1904 ipso
1823 1841 1881 1887 et

196 1926 310 1966 eum
358 1910 514 1960 rebus
563 1908 991 1976 adspectabilibus
1029 1911 1358 1962 contineatur.
1429 1909 1700 1959 Enimvero
1734 1907 1881 1958 ideae

102 2022 105 2027 ,
197 1996 348 2046 quum
382 1982 433 2035 in
469 1997 528 2031 se
563 1987 827 2048 spectatae
861 1983 908 2033 vi
942 1987 996 2034 et
1045 1987 1221 2034 natura
1257 1996 1346 2032 sua
1383 1982 1480 2030 sibi
1520 1995 1724 2046 semper
1758 1995 1880 2031 con-

174 2057 333 2103 stent
379 2067 543 2118 neque
591 2067 805 2119 unquam
854 2053 1006 2106 ullam
1042 2054 1256 2105 subeant
1290 2053 1648 2105 mutationem:
1695 2056 1880 2111 tamen,

198 2139 352 2188 quum
386 2129 439 2175 et
468 2120 536 2174 *ad
571 2140 629 2174 se
665 2125 802 2190 ipsas
839 2130 893 2174 et
926 2122 990 2176 ad
1025 2140 1111 2177 res
1148 2124 1452 2188 singular-ee,
1492 2138 1620 2187 quae
1656 2123 1719 2172 iis
1756 2122 1883 2172 sub-

156 2195 363 2245 ·ieetae
406 2200 554 2256 sunt,
602 2195 916 2257 referantur,
978 2193 1376 2260 quandoquidem
1423 2194 1494 2243 ita
1543 2194 1744 2244 demum
1792 2192 1882 2242 ali-

199 2280 345 2331 quam
395 2268 529 2320 inter
574 2281 633 2318 se
688 2267 877 2320 hahent
921 2267 1347 2326 communionem,
1411 2266 1562 2315 etiam
1628 2264 1884 2314 moveri

202 2337 560 2388 existimandae
596 2343 728 2392 sunt.
799 2338 858 2389 ld
892 2338 1056 2404 ipsum
1095 2338 1227 2386 enim
1260 2337 1569 2401 significatur
1591 2340 1758 2386 motus
1794 2350 1884 2383 vo-

201 2407 408 2467 cabulo,
443 2407 635 2461 habere
672 2422 758 2458 eas
794 2410 953 2460 varias
990 2424 1049 2457 ae
1086 2409 1389 2473 multiplices
1426 2409 1664 2467 rationeS,
1703 2408 1882 2470 quibus

201 2493 317 2529 eum
354 2478 466 2529 aliis
503 2480 869 2542 contineantur,
905 2480 1055 2535 sicuti
1090 2479 1150 2528 fit
1187 2482 1338 2528 etiam
1375 2479 1425 2528 in
1465 2478 1779 2539 Parmenide,
1818 2477 1885 2528 ad

203 2564 351 2614 quem
400 2562 444 2598 v.
490 2546 733 2615 Prolegg.
778 2567 829 2619 p.
877 2550 996 2600 139.
1076 2549 1266 2600 Verum
1316 2550 1400 2599 hie
1453 2549 1741 2600 meminisse
1790 2564 1882 2598 nos

200 2622 300 2671 iam
346 2626 552 2686 oportet
597 2621 735 2673 ideas
781 2620 1005 2674 Platonis
1052 2636 1152 2670 non
1199 2637 1316 2670 esse
1370 2637 1535 2671 meras
1571 2621 1754 2671 mentis
1790 2633 1884 2668 no-

199 2693 397 2753 tiones;
443 2691 662 2758 alioquin
709 2692 842 2743 enim
886 2707 986 2743 non
1031 2692 1368 2757 intelligetur,
1431 2708 1522 2740 cur
1569 2706 1669 2742 non
1722 2690 1886 2741 solum

200 2762 389 2814 mentis
425 2763 712 2828 cognitione
749 2763 942 2827 attingi,
980 2776 1153 2817 verum
1192 2765 1342 2813 etiam
1381 2763 1617 2812 efficaces
1656 2778 1771 2812 esse
1810 2762 1887 2811 di-

205 2840 395 2886 cantur.
468 2833 597 2887 Sunt
639 2835 795 2900 igitur
839 2850 930 2884 eae
986 2834 1259 2887 secundum
1318 2833 1678 2899 philosophum
1736 2834 1888 2897 longe

205 2906 339 2955 aliud
376 2902 512 2970 quid.
583 2904 758 2959 Insunt
794 2907 926 2957 enim
960 2907 1012 2958 iu
1048 2906 1208 2955 divina
1239 2912 1436 2966 mente,
1486 2921 1611 2970 quae
1651 2902 1889 2970 quidquid

206 2978 422 3040 cogitat,
479 2976 610 3026 idem
658 2982 903 3043 protenus
951 2983 1111 3027 ratum
1162 2977 1499 3041 effectumque
1546 2976 1728 3026 reddit.
1810 2976 1889 3024 Ex

207 3063 306 3110 quo
343 3062 655 3112 consequens
692 3052 800 3109 est,
849 3054 907 3100 ut
952 3065 1071 3099 vera
1119 3065 1286 3098 rerum
1325 3049 1547 3097 essentia
1583 3049 1633 3097 in
1668 3048 1731 3096 iis
1767 3061 1887 3095 con-

207 3119 425 3166 tineatur
459 3120 698 3184 ipsaeque
732 3135 910 3171 revera
945 3121 1060 3172 sint.
1132 3121 1331 3185 Quippe
1367 3121 1549 3168 mentis
1587 3118 1778 3167 divinae
1813 3116 1886 3165 vis

209 3192 263 3236 et
298 3188 522 3238 efficacia
558 3193 733 3245 eadem
770 3206 978 3257 prorsus
1016 3195 1096 3241 est
1131 3197 1283 3255 atque
1313 3191 1533 3241 essentia
1576 3204 1746 3238 rerum
1783 3187 1888 3236 sive

210 3253 385 3308 οὐσία.
460 3260 747 3324 Quanquam
763 3262 955 3320 sedulo
994 3267 1075 3312 est
1111 3261 1400 3318 caxmenduxn
1439 3278 1500 3309 ne
1537 3262 1699 3326 ipsum
1737 3257 1885 3307 deum

210 3343 301 3394 pro
351 3328 462 3379 idea
499 3337 584 3378 aut
620 3348 713 3395 pro
754 3334 980 3383 idearum
1017 3334 1235 3382 omnium
1274 3332 1430 3384 veluti
1467 3331 1728 3395 complexu
1763 3344 1887 3392 quo-

209 3401 321 3448 dam
354 3399 643 3461 habt-amus,
681 3418 828 3466 quam
867 3405 1150 3468 opinionem
1177 3402 1382 3452 fuerunt
1419 3405 1501 3467 qul
1530 3415 1703 3466 parum
1741 3407 1887 3449 caute
