2028 3750
928 25 945 57 Ι

235 198 310 252 74
876 200 1288 253 PLATONIS

235 362 353 419 ρειν
394 342 571 410 ἐᾶσαι,
611 339 677 404 τὸ
725 344 801 403 δὲ,
842 342 954 397 τῶν
994 339 1254 420 ἐμψύχων
1277 334 1450 414 ζωων
1491 336 1665 405 ουσαν
1706 349 1920 447 θήραν,

174 457 183 467 ·
233 435 545 504 προςειπεῖν
586 422 966 500 ζωοθηρικήν.

367 512 575 583 ΘΕΑΙ.
644 504 842 564 Ἔστω.

356 588 472 656 ΞΕ.
513 594 882 667 Ζῳοθηρικῆς
925 596 983 650 δὲ
1025 585 1124 666 ἆρ’
1176 593 1243 652 οὐ
1286 598 1518 655 διπλοῦν
1559 596 1760 666 εἶδος’“
1726 621 1801 658 αν
1837 605 1923 660 λέ·

230 670 391 783 ’γοιτο
449 684 509 733 ὲν
569 680 723 754 δίκης
783 673 859 734 τὸ
891 681 993 748 μὲν
1032 681 1200 746 πεζοῦ
1245 685 1452 750 γένους,
1496 688 1723 751 πολλοῖς
1761 687 1920 742 εἴδεσι

229 766 323 821 καὶ
367 759 604 834 ὀνόμασι
645 764 1003 839 διῃρημένον,
1048 763 1454 837 πεζοθηρικόν,
1508 765 1574 824 τὸ
1628 767 1682 826 δ’
1731 774 1918 846 ἕτεοον

229 850 514 904 ’γευστικοῦ
560 842 699 914 ζώου
743 848 859 901 πᾶν
900 846 1382 923 ἑνυγροθηρικόν;

358 959 566 1017 ΘΕΑΙ.
649 957 820 1015 Πάνυ
862 979 941 1029 γε.

354 1067 470 1134 ΞΕ.
554 1070 862 1127 Νευστικοῦ
901 1067 1016 1143 μὴν
1058 1067 1122 1127 τὸ
1162 1074 1266 1144 μὲν
1307 1069 1523 1141 πτηνὸν
1564 1073 1797 1153 φῦλον
1773 1076 1915 1154 ορῶ-

225 1176 352 1230 μεν,
397 1152 462 1212 τὸ
508 1158 566 1213 δὲ
597 1158 896 1230 ἔνυδρον,

363 1270 571 1325 ΘΕΑΙ.
654 1270 792 1347 Πῶς
833 1267 881 1325 δ’
934 1263 1032 1338 οὕς

345 1505 388 1532 ε
377 1486 582 1538 ὃοςαν
616 1488 837 1544 λέγοιτο
871 1491 922 1532 ἐν
950 1487 1134 1545 δίκη]
1112 1505 1164 1528 m
1186 1502 1270 1533 om.
1295 1490 1402 1533 Ven.
1417 1493 1524 1533 ΣΥ.
1545 1491 1646 1535 Par.
1659 1491 1909 1538 BCEFH.

225 1547 262 1591 F
265 1549 343 1591 lor
374 1562 411 1590 a-
442 1548 484 1591 b.
521 1561 558 1590 c.
592 1548 696 1590 Zitt.
730 1553 828 1590 ante
858 1548 970 1597 εἶδος
997 1549 1118 1618 ponit
1148 1547 1279 1590 Coisl

341 1606 396 1647 B.
454 1606 775 1648 Νευστικου
813 1605 916 1673 μὴν
951 1622 1009 1646 τυ
1053 1605 1125 1660 μ.]
1158 1604 1249 1646 Pro
1276 1605 1377 1661 μήν,
1406 1606 1522 1660 quod
1552 1607 1678 1650 codd.
1709 1621 1806 1652 cum
1840 1610 1908 1652 ed.

226 1662 331 1704 Bas.
370 1668 409 1704 2.
449 1663 542 1704 fere
577 1675 661 1704 una
691 1664 971 1706 consensione
1000 1666 1194 1716 tuentur,
1228 1665 1356 1720 vulgo
1382 1669 1477 1707 erat
1504 1663 1566 1708 δέ.
1622 1665 1712 1708 Pro
1732 1665 1912 1724 δρῶμεν

222 1720 460 1765 Heusdius
474 1720 583 1761 coni.
615 1720 811 1776 ἐροῦμεν,
839 1734 923 1774 quo
953 1733 1038 1762 non
1067 1732 1187 1775 opus».

338 1776 452 1820 Καὶ
489 1792 586 1819 του
628 1792 836 1829 πτηνου
880 1780 974 1822 ιιὲν
1003 1777 1213 1832 γένους]
1255 1779 1362 1822 Pro
1375 1779 1452 1833 μὲν
1481 1779 1599 1823 editt.
1631 1794 1780 1824 omnes
1807 1778 1908 1836 ιιήν.

221 1835 383 1879 Verum
411 1835 699 1890 praebuerunt
727 1835 823 1876 Vat.
855 1836 961 1878 Ven.
989 1836 1105 1877 ΛΠ.
1135 1835 1236 1878 Par.
1266 1836 1447 1879 BCEF
1459 1838 1520 1879 H.
1574 1839 1722 1881 Deino'
1729 1843 1911 1894 ρνιθεν-

219 1891 316 1946 τική
348 1892 476 1935 Bodl.
511 1891 642 1936 Coisl.
674 1892 770 1936 Vat.
803 1892 910 1936 Ven.
941 1893 1003 1936 11.
1031 1893 1148 1936 Flor.
1178 1893 1207 1936 i.
1241 1895 1358 1949 quod
1386 1896 1639 1939 vocabulum
1656 1896 1784 1940 habet
1800 1897 1909 1940 Pol-

218 2039 360 2120 Magis
391 2065 520 2108 etiam
536 2064 763 2118 genuinam
792 2065 1018 2109 lectionem

220 2123 412 2179 conupit
443 2122 786 2177 Stephanus,
819 2136 898 2177 pro
917 2119 1022 2163 κατ’

199 2181 334 2231 ἔνια,
381 2180 495 2234 quod
548 2180 641 2221 libri
686 2186 804 2222 vetts
834 2186 1019 2231 tuentur,

219 2239 447 2292 propinans
479 2235 548 2277 καὶ
579 2237 682 2276 ἔνια.
741 2238 854 2278 Prav
859 2251 927 2278 am
957 2239 1020 2279 le-

219 2296 405 2337 ctionem
436 2299 612 2336 secutus
642 2295 770 2336 etiam
799 2295 1020 2336 Ficinus

220 2358 316 2404 est,
348 2353 418 2405 qui
447 2354 587 2393 locum
618 2351 803 2393 reddidit
834 2353 912 2392 sic:
954 2351 1021 2392 Et

218 2413 448 2464 oportet
477 2407 696 2462 quodad
723 2409 1015 2459 inanimum

146 2516 149 2517 ⁷
219 2467 494 2534 pertinet,
535 2466 888 2518 aequivocum
919 2466 1014 2519 (le-

218 2524 282 2586 git
298 2524 423 2577 igitur
443 2521 1015 2577 61005111uov)dimittere;

207 2583 446 2636 praeter
489 2579 745 2632 quasdam
795 2582 1011 2621 natato-

215 2639 329 2681 riae
371 2637 660 2692 potentiae
702 2641 919 2691 partes3
960 2641 1012 2678 et

215 2695 350 2737 alia
418 2693 740 2736 huiusmodi
815 2694 1012 2746 exigua

214 2753 697 2807 praetermittere3
745 2751 1010 2792 animato-

213 2822 322 2852 rum
379 2822 507 2851 vero
563 2814 850 2862 capturam
889 2808 1010 2849 ani-

212 2868 434 2909 malium
505 2866 858 2908 venationem
922 2879 1008 2906 vo-

212 2938 352 2966 care.
424 2924 583 2965 Verum
633 2923 742 2964 enim
789 2935 911 2967 vero,
936 2922 1008 2963 ubi

209 2977 312 3021 κατ’
346 2983 434 3021 ἔνια
465 2981 723 3022 tenuerimus
755 2985 797 3022 et
826 2993 904 3033 pro
936 2980 1009 3019 ἐᾶν

211 3051 308 3078 cum
338 3038 480 3080 Hein
497 3037 559 3080 do
576 3037 679 3079 rfio
711 3037 1007 3091 scripserimus

209 3091 286 3146 ὄν,
327 3096 488 3147 optima
526 3095 606 3137 erit
641 3096 850 3136 sententia
879 3094 1003 3136 haec:

212 3154 513 3204 etoportet
535 3151 756 3206 quidem
782 3152 1008 3193 nosina-

207 3209 535 3251 nimatorum
562 3210 826 3263 speeiem,
857 3220 1008 3263 quae,

215 3265 259 3305 si
304 3278 328 3303 a
376 3266 699 3317 quibusdam
747 3266 1009 3309 urinandi

214 3321 350 3378 artis
386 3320 646 3375 partibus
697 3329 748 3365 et
791 3323 919 3365 aliis
958 3324 1008 3366 id

213 3390 387 3432 genus
437 3379 684 3432 partibus
730 3381 1010 3423 nonnullis

215 3434 1010 3489 discesserimusmmninouo-

1106 2065 1248 2108 mine
1294 2068 1470 2115 caret,
1502 2065 1726 2107 missam
1755 2063 1929 2110 face--

1105 2136 1189 2175 re,
1233 2136 1346 2164 eam
1401 2135 1551 2173 vern,
1597 2136 1737 2176 quae
1791 2126 1903 2166 ani-

1106 2180 1356 2222 mantiam
1389 2180 1903 2231 complectiturve-

1103 2237 1408 2286 nationem,
1465 2239 1750 2290 appellare
1794 2237 1901 2286 ζωο-

1103 2289 1305 2346 θηρικὴν.
1377 2293 1444 2334 Ad
1484 2294 1619 2346 ipsam
1658 2308 1750 2336 rem
1786 2295 1902 2339 idem

1103 2350 1470 2393 Heindorsius
1522 2357 1620 2405 apte
1676 2365 1901 2406 compara-

1099 2410 1161 2450 vit
1209 2410 1433 2462 Oppian.
1484 2409 1676 2451 Halieut.
1720 2410 1773 2451 V.
1815 2415 1897 2452 612

1100 2480 1192 2519 sqq.
1259 2467 1463 2508 Ceterum
1503 2467 1671 2506 notabis
1702 2468 1898 2518 petulan-

1097 2523 1198 2565 tiam
1219 2524 1360 2574 istam,
1393 2535 1473 2575 qua
1506 2521 1659 2576 hospiti
1683 2523 1896 2577 Eleatico,

1101 2582 1352 2623 dialecticae
1392 2581 1515 2620 istius
1556 2580 1736 2621 acumini
1772 2582 1897 2635 plane

1095 2638 1352 2689 indulgenti,
1403 2637 1642 2679 tribuuntur
1688 2650 1896 2682 novorum

1094 2696 1399 2738 vocabulorum
1466 2695 1692 2748 figmenta:
1756 2696 1896 2749 qualia

1093 2752 1265 2807 quidem
1302 2753 1531 2794 verborum
1577 2756 1767 2794 monstra
1813 2766 1895 2796 nec

1093 2814 1240 2851 nostra
1294 2813 1452 2851 aetate-
1479 2809 1507 2850 ii
1546 2809 1894 2862 reformidarunt,

1092 2868 1162 2921 qui
1197 2866 1381 2920 fingendi
1412 2866 1606 2908 licentiae
1637 2867 1791 2919 omnia,
1811 2869 1892 2922 ipsi

1091 2924 1281 2967 veritatis
1303 2924 1615 2977 investigationi
1636 2933 1784 2978 parum
1815 2926 1893 2966 tri-

1090 2983 1292 3034 buerunt,
1332 2981 1602 3033 quantumvis
1634 2995 1730 3022 sese
1774 2983 1891 3023 solos

1090 3038 1422 3081 vociferarentur
1461 3050 1631 3080 omnem
1661 3038 1892 3092 sapientiae

1090 3097 1177 3137 vim
1198 3095 1345 3137 animis
1376 3094 1462 3135 suis
1496 3097 1746 3149 complexos
1777 3108 1886 3139 esse.

1093 3151 1183 3195 Sed
1218 3153 1414 3193 nimirum
1455 3152 1526 3193 isti
1569 3151 1886 3205 homunciones,

1091 3222 1221 3278 quarn
1258 3209 1342 3250 sint
1379 3209 1593 3250 veteribus
1622 3209 1716 3250 istis
1748 3209 1888 3251 eristi-

1093 3267 1156 3309 cis
1187 3266 1343 3308 similes
1377 3270 1421 3307 et
1453 3266 1644 3345 cognati,
1675 3265 1757 3324 ipsi
1784 3279 1887 3320 pro-

1092 3324 1210 3367 fecto
1239 3323 1443 3366 nesciunt

1151 3380 1206 3427 B.
1278 3376 1600 3424 Νευστικοῦ
1646 3378 1723 3436 μὴ
1746 3395 1770 3420 ν
1815 3377 1884 3422 τό

1092 3439 1188 3496 μὲν
1216 3441 1303 3489 -1
1354 3436 1465 3482 Nam
1493 3438 1538 3480 et
1563 3441 1642 3494 'per
1670 3450 1814 3483 aerem
1842 3442 1887 3483 ot
