2028 3750
769 157 1198 220 SoPHIST‘A.
1723 159 1834 220 2⁰3

178 351 182 356 .
253 305 370 374 ΞΕ.
415 307 640 390 ³szng
668 312 725 368 δέ
766 333 828 385 γε
871 310 940 371 οὐ
978 310 1162 385 μόνον
1205 307 1280 376 ὥς
1320 312 1438 368 ἔστι
1467 308 1540 367 τὰ
1564 308 1659 386 μὴ
1686 306 1831 370 ὄντα

128 391 521 468 ἀπεδείξαμεν,
574 394 720 452 ἀλλὰ
779 399 874 454 καὶ
937 395 1002 454 τὸ
1050 396 1198 461 εἶδος-
1237 393 1288 451 ὃ
1294 394 1572 468 τυγχάνει
1599 392 1679 453 ὃν
1721 400 1828 454 τοῦ

125 477 204 552 μὴ
265 475 430 545 όντος
480 478 935 554 ἀπεφηνάμεθα·
1008 477 1115 550 τὴν
1181 476 1292 554 γὰρ
1347 483 1602 558 θατέρου
1654 478 1828 559 φύσιν

127 551 518 632 ἀποδείξαντες
573 556 752 620 οὖσαν
804 587 864 622 τε
917 567 1013 635 καὶ
1061 569 1700 638 κατακεκερματισμένην
1738 568 1831 624 ἐπὶ

119 647 318 704 ‘namu
359 644 433 703 τοὶ
474 643 615 703 ὄντα
658 644 800 721 πρὸς
841 645 1072 718 ἄλληλα,
1112 646 1178 704 τὸ
1222 645 1364 721 πρὸς
1404 646 1470 706 τὸ
1499 646 1564 706 ὃν
1590 655 1828 708 ἑκαστον

126 729 326 805 μόριον.
364 729 554 805 αὐτῆς
606 729 1038 806 αντιτιθέμενον
1091 730 1476 806 ἐτολμήσαμεν
1534 741 1703 791 εἰπεῖν
1757 733 1835 801 ὡς

129 813 270 872 αὐτὸ
314 813 485 883 τοῦτό
527 821 679 872 ἐστιν
721 813 896 882 ὅντως
934 813 998 872 τὸ
1043 813 1120 889 μὴ
1167 813 1252 874 ὅν.

260 901 472 956 ΘΕΛΙ.
556 902 677 957 Καὶ
718 899 1050 958 παντάπασί
1081 923 1159 974 γε,
1200 892 1242 956 ὦ
1287 900 1418 969 ξένε,
1462 898 1835 971 ἀληθέστατά

125 1007 228 1059 μοι
270 987 544 1057 δοκοῦμεν
589 989 1409 1058 εἰρηκέναι..
1604 1020 1612 1026 »

249 1064 365 1131 ΞΕ
449 1064 554 1136 Μὴ
595 1072 792 1125 τοίνυν
845 1067 996 1140 ἡμᾶς
1053 1067 1178 1146 ε’ίπῃ
1233 1090 1319 1135 τις
1356 1067 1462 1126 ὅτι
1489 1068 1833 1129 τούναντίον
1906 1068 1919 1113 ‘s

125 1155 229 1210 τοῦ
273 1150 443 1217 ὄντος
478 1148 544 1207 τὸ
590 1150 667 1223 μὴ
711 1147 779 1207 ὃν
820 1150 1276 1228 ἀποφαινόμενοι
1326 1157 1618 1226 τολμῶμεν
1644 1158 1834 1227 «λέγειν

129 1234 205 1302 ὡς
259 1241 429 1293 ἔστιν.
481 1233 636 1306 ἡμεῖς
692 1232 802 1309 γὰρ
858 1241 982 1313 περὶ
1035 1240 1138 1309 μὲν
1180 1241 1439 1295 ἐναντίου
1482 1234 1635 1304 τινὸς
1676 1238 1834 1311 αὐτῷ

106 1398 109 1400 .
130 1323 349 1396 χαίρειν
409 1316 590 1376 πάλαι
651 1322 904 1394 λέγομεν,
969 1319 1069 1378 εἴτ’
1130 1322 1433 1382 &ormaza
1484 1320 1592 1396 μή,
1659 1315 1836 1397 λόγον

128 1541 222 1586 Pro
251 1538 442 1594 ὄιζήσιος
477 1538 545 1582 hic
576 1552 749 1594 quoque
772 1537 1007 1611 διζήμενοὲ
1034 1539 1153 1584 Flor.
1185 1556 1224 1586 a.
1257 1542 1300 1586 b
1332 1555 1370 1586 c.
1399 1541 1501 1586 Par.
1521 1542 1677 1587 BCH.
1719 1543 1838 1591 Tum

129 1603 237 1642 vett.
265 1599 387 1698 pdtigt.
430 1596 486 1640 τὰ
515 1597 575 1654 μὴ
608 1596 719 1640 ὄντα
755 1596 812 1647 ὥς
837 1601 976 1652 ἔστιν,
1001 1599 1119 1653 quod
1149 1613 1175 1644 e
1203 1601 1332 1643 Bodl.
1364 1601 1462 1645 Vat.
1491 1601 1598 1645 Ven.
1627 1602 1690 1646 Π.
1715 1602 1836 1646 Flor.
1864 1652 1881 1662 ,

106 1657 159 1700 «ἰ.
190 1669 263 1699 mu
284 1670 309 1698 a
359 1669 418 1698 m.

239 1712 419 1757 Ε.τό
461 1710 604 1767 πρὸς
641 1710 704 1755 τὸ
750 1711 807 1757 ὃν
834 1710 1094 1768 ἕκαστον]
1157 1703 1212 1760 'V-
1241 1711 1436 1759 ἑκάστου.
1496 1714 1656 1760 Veram
1684 1716 1839 1762 lectio·
1916 1737 1945 1749 γ·

128 1782 230 1815 nem
258 1770 447 1814 servavit
474 1771 738 1828 Simplicius.

133 1912 239 1956 dum
255 1917 481 1987 putamus,
505 1911 686 1969 Πλεΐρν,
707 1916 778 1958 vel
797 1913 940 1969 πλείω,

1026 1913 1238 1958 Videntur
1295 1914 1414 1968 tangi
1471 1913 1706 1969 Megarici,
1765 1915 1841 1969 qui

133 1991 157 2012 ο
193 1971 244 2024 δὴ
273 1976 411 2019 κεῖνος
427 1970 583 2012 ἀπεῖπε
606 1978 788 2026 σκοπεῖν,
821 1970 944 2026 ἡμεῖς

1026 1972 1200 2015 Platoni
1243 1969 1322 2012 hac
1358 1972 1400 2012 in
1430 1983 1478 2013 re
1507 1973 1839 2016 inconstantiam

130 2044 168 2070 κ.
201 2045 240 2070 τ.
272 2029 328 2080 λ.,
359 2028 400 2070 h.
432 2043 471 2071 e.
529 2029 686 2082 Plus,
718 2029 771 2072 id
800 2029 944 2083 quod

134 2086 375 2128 scilicet
402 2086 502 2128 ille
533 2087 830 2140 exquirere
858 2100 944 2129 ve·-

133 2144 268 2195 tuit,
328 2155 428 2184 nos
485 2142 730 2186 'ulterius
781 2142 946 2197 quae-

135 2204 326 2242 rentes
350 2200 399 2242 ei
427 2199 943 2243 demonstravimus.

115 2254 206 2302 <Ad
245 2257 308 2303 εἷς
343 2256 395 2298 τὸ
443 2256 646 2308 πρόσθεν
678 2258 816 2311 ζητεῖν
847 2262 948 2313 apte

136 2314 453 2368 comparaveris
498 2315 568 2356 ilia
618 2312 851 2369 Protagor.
906 2329 949 2369 p.

137 2376 237 2413 357.
258 2372 311 2412 D.
343 2370 451 2412 ἀλλὰ
482 2372 553 2411 καὶ
581 2373 642 2420 εἰς
671 2373 722 2412 τὸ
749 2371 951 2428 πρόσθεν

135 2431 201 2472 ἔτι
221 2427 540 2488 ὡμολογήκατε,
568 2429 607 2472 h.
636 2443 675 2475 e.
708 2431 951 2472 ulterius

134 2487 315 2530 etiam
352 2483 795 2553 progredientes
825 2500 953 2530 con-

138 2543 418 2586 cessistis.

196 2627 250 2669 D.
282 2625 343 2668 οὕ
377 2624 471 2680 γὰρ
500 2625 728 2683 μήποτε
753 2633 949 2683 τοῦτο]

140 2683 192 2731 V
216 2684 350 2738 adp.
384 2688 483 2728 237.
518 2688 569 2726 A.

519 2767 856 2784 ΧὶΧὶΧὶΧὶ

198 2765 372 2811 Ε.τό
427 2781 681 2826 προς’το
732 2783 794 2810 ον
836 2779 955 2810 suu-

142 2841 277 2869 στον
305 2823 506 2881 μόριον
536 2826 738 2880 αὐτῆς]
807 2826 868 2895 ῌ.
909 2839 950 2870 e.

141 2882 195 2924 τὸ
247 2883 407 2955 μόριον
454 2882 594 2936 αὐτῆς
638 2883 750 2938 πρὸς
789 2882 840 2924 τὸ
900 2898 954 2924 ον

141 2939 319 2990 ἕκαστον
336 2940 590 2995 ἆντιτιθέμ.
621 2955 647 2995 p
660 2955 686 2982 a
696 2953 716 2981 ι·
726 2941 765 2981 ti
779 2954 803 2982 c
814 2941 900 2982 ula
910 2953 954 2982 m

146 2999 273 3041 eius
324 2998 436 3040 enti
479 2999 685 3051 cuique
732 2998 954 3051 opposi-

143 3048 261 3097 iam
303 3055 419 3097 ausi
471 3068 658 3096 sumus
706 3054 955 3096 iudicare

145 3125 281 3155 esse
341 3125 532 3154 revera
578 3110 726 3154 iliud
775 3112 958 3164 ipsum

144 3167 197 3211 τὸ
252 3166 317 3225 μή
368 3168 434 3209 ὅν.
510 3169 581 3211 Ex
630 3182 715 3222 quo
762 3173 957 3222 apparet,

146 3227 256 3269 falso
301 3226 428 3267 scribi
471 3226 514 3267 in
556 3230 660 3267 vett.
706 3224 829 3267 editt.
863 3224 959 3264 ἑκά-

147 3298 271 3336 στου,
302 3283 419 3337 quod
457 3287 702 3330 correctum
741 3295 795 3325 ex
823 3282 959 3325 Sim-

148 3342 324 3397 plicio
357 3345 439 3383 est.

212 3398 300 3455 Μὴ
353 3398 548 3441 τοίνυν
603 3394 744 3453 ἡμᾶς
802 3397 957 3455 εἴπῃ]

1029 2029 1416 2084 exprobravissent.
1466 2029 1499 2070 S
1510 2042 1533 2069 c
1542 2029 1566 2070 h
1579 2031 1591 2071 l
1603 2044 1627 2072 e
1637 2031 1649 2071 i
1661 2043 1685 2071 e
1694 2043 1767 2071 rm
1779 2044 1804 2071 a
1815 2053 1839 2062 -·

1029 2086 1230 2128 cherus
1269 2090 1416 2128 tamen
1448 2086 1748 2128 Antisthenem
1777 2087 1840 2128 si-

1030 2142 1220 2198 gnificari
1257 2146 1453 2201 censetff
1485 2142 1580 2185 Nec
1617 2157 1698 2185 nos
1742 2142 1839 2186 huic

1032 2200 1221 2270 opinioni
1240 2213 1506 2254 magnopere
1536 2202 1813 2243 reluctemur.

1089 2256 1250 2311 ἡμεῖς
1277 2256 1379 2312 γὰρ
1414 2256 1538 2313 περὶ
1571 2260 1668 2313 μὲν
1696 2259 1844 2299 ἐναν-

1031 2315 1160 2357 τίου
1195 2316 1285 2369 —]
1331 2315 1566 2356 Dudum
1575 2315 1717 2357 enim
1745 2328 1844 2357 nos

1035 2372 1105 2414 de
1142 2371 1411 2426 aliquolei
1453 2371 1538 2427 (τῷ
1568 2372 1686 2426 ὄντι)
1719 2385 1845 2414 con·-

1034 2429 1214 2471 trario
1284 2429 1568 2470 incuriosi
1640 2438 1844 2482 sumus,

1037 2487 1179 2528 sitne
1218 2499 1279 2528 an
1320 2498 1423 2527 non
1468 2486 1562 2539 sit,
1612 2499 1847 2533 consen-

1037 2548 1258 2586 taneum
1308 2543 1521 2598 rationi
1559 2548 1653 2585 aut
1692 2557 1719 2585 a
1762 2557 1847 2585 ra-

1037 2601 1191 2642 tione
1241 2600 1493 2642 alienum.
1545 2600 1655 2642 conf.
1715 2612 1847 2654 supra

1035 2672 1078 2712 p.
1123 2661 1221 2702 237,
1271 2656 1324 2698 Β.
1366 2656 1417 2698 C.
1463 2657 1518 2698 D.
1567 2657 1623 2700 Ε.
1691 2658 1848 2712 Λεγειν

1011 2688 1221 2767 ἱχαίρειν
1229 2713 1333 2767 περί
1358 2727 1477 2759 τινος
1494 2725 1591 2755 non
1624 2714 1750 2756 aliter
1780 2714 1848 2755 di·-

1038 2771 1148 2811 citur
1179 2774 1310 2823 atque
1341 2770 1414 2810 ἐᾶν
1434 2771 1538 2825 περι
1565 2786 1699 2819 τινος.
1732 2762 1849 2812 Pro-

1038 2831 1177 2880 tagor.
1209 2841 1252 2881 p.
1279 2830 1376 2869 347.
1397 2825 1446 2867 C.
1475 2826 1574 2883 περὶ
1600 2830 1676 2884 μὲν
1707 2826 1851 2884 ᾀσμά-

1000 2910 1005 2917 ,
1036 2898 1120 2925 των
1149 2885 1223 2924 καὶ
1250 2884 1358 2925 ἑπων
1386 2882 1586 2937 ἐάσωμεν.
1617 2899 1678 2927 sc.
1686 2885 1845 2952 λέγειν.

1036 2940 1244 2983 Alcibiad.
1282 2941 1316 2983 Ι
1358 2954 1401 2994 Ρ.
1435 2943 1532 2983 113.
1561 2942 1616 2984 D.
1649 2938 1850 2993 ἔασαντες

1037 2992 1570 3098 {⁶2⁹0Kf⁰}d“⁰13‘1⁰5{250‘ifff
1560 2999 1656 3099 nis
1667 3004 1738 3106 ’.ιῖ
1735 3004 1850 3099 ῐθίἑῖ

1041 3111 1096 3153 V.
1144 3125 1187 3165 p
1241 3117 1283 3153 4.
1354 3112 1467 3154 Post
1518 3113 1678 3169 ἄλογον
1734 3113 1850 3167 quod

1043 3168 1412 3212 Heindorfius
1441 3167 1493 3210 ὅν
1529 3171 1748 3213 excidisse
1775 3184 1850 3212 su-

1045 3226 1248 3280 spicatur,
1283 3227 1494 3279 ignoravit
1522 3227 1587 3270 vir
1611 3227 1766 3270 doetus
1799 3229 1849 3268 il—

1046 3285 1131 3325 iam
1160 3283 1363 3336 loquendi
1388 3286 1760 3336 cousuetudinem,
1796 3285 1852 3325 dc

1045 3352 1128 3392 qua
1182 3341 1488 3396 explicavimus
1537 3342 1592 3384 ad
1629 3344 1765 3392 Gorg.
1808 3355 1848 3393 p.

1041 3401 1145 3442 501.
1172 3397 1226 3441 A.
1285 3398 1499 3445 Addimus
1524 3412 1637 3443 nuuc
1667 3398 1780 3443 Tim.
1812 3412 1852 3451 p.
1906 3396 1911 3399 ’
