2028 3750
606 209 694 260 Al)
731 205 1150 262 ‘rnfflhz'ffl'rv
1158 205 1235 258 M.
1717 204 1754 255 ’ἵ

84 350 355 423 πρότερον
398 342 502 422 μὲι)
557 343 882 431 Ξενοφάνης
912 348 1003 406 καὶ
1027 345 1394 417 ”Παρμενι’ὃης
1429 344 1522 397 καὶ
1561 337 1752 409 Ζήνων

86 427 178 478 καὶ
226 424 508 487 Μέλισσος
557 421 769 488 ἔλεγον,
819 417 1050 484 ὕστερον
1095 417 1153 469 δὲ
1200 417 1410 486 οἱπερὶ
1447 414 1752 466 Στίλπωνα

85 498 176 548 καὶ
220 491 350 556 τοὺς
399 486 764 561 Μεγαρικούς.
848 490 1103 540 Disertum
1147 490 1269 543 item
1316 488 1482 547 Sexti,
1531 486 1752 555 quamvis
1815 493 1842 521 ·*

83 569 325 627 tacentis,
370 564 712 614 testimonium
766 568 861 615 est.
945 561 1087 624 Quod
1144 561 1274 610 enim
1328 560 1417 609 'ine
1464 557 1593 610 libro
1638 556 1751 607 VH.

85 639 319 702 adversus
356 635 758 694 Mathematicus,
797 634 878 681 uhi
915 634 1076 683 varias
1111 631 1175 682 de
1209 631 1315 680 veri
1350 630 1531 681 iudicio
1551 629 1753 695 opinio-

84 726 173 763 nes
210 708 407 758 curiose
444 713 728 766 enumerat,
767 704 1051 768 Megaricos
1089 703 1289 755 silentio
1325 702 1617 761 transmisit,
1652 701 1752 749 triv

82 782 331 832 buendum
367 777 417 828 id
455 779 561 829 sine
595 777 696 824 ulia
732 775 1044 824 dubitatione
1079 774 1150 823 ilii
1181 774 1278 843 ipsi
1311 780 1537 827 veterum
1571 770 1756 823 iudicio

83 857 187 913 est,
227 867 324 915 quo
361 849 646 913 Megaricos
683 852 735 894 et
770 845 1025 893 Eleaticos
1064 843 1268 892 eosdem
1308 860 1422 893 esse
1445 843 1781 892 armanum-f

82 928 181 971 tur.
251 917 679 983 Quemadmodum
726 921 892 968 autem
939 914 1186 978 Megarici
1233 914 1567 966 defenderunt
1601 914 1753 969 Elea-1

82 993 297 1042 ticorum
345 989 408 1039 de
455 989 662 1038 scientia
705 988 915 1049 eiusque
961 985 1181 1041 fontibus
1221 985 1507 1050 opiniones:
1555 985 1625 1035 ita
1661 1000 1753 1034 nec

81 1063 351 1112 defuerunt
392 1062 524 1113 inter
560 1059 872 1116 Socraticos,
918 1057 1003 1121 qui
1046 1057 1276 1111 similiter
1319 1063 1469 1126 atque
1505 1056 1752 1120 Protago-

81 1135 158 1187 rei
203 1138 257 1182 et
303 1132 461 1181 ceteri
509 1146 743 1181 sensuum
794 1128 991 1194 patroni
1038 1129 1102 1180 de
1146 1127 1318 1177 eadem
1366 1143 1424 1175 re
1458 1126 1751 1183 iudicarent.

82 1207 303 1268 Quorum
343 1204 580 1271 princeps
615 1201 715 1251 suit
751 1200 1054 1264 Aristipp
1070 1216 1098 1247 u
1114 1217 1154 1258 s,
1190 1204 1366 1252 auctor
1389 1198 1605 1252 familiae
1645 1197 1753 1262 cy-

82 1275 328 1330 renaicae.
417 1271 533 1336 Quo
573 1272 729 1335 magis
766 1270 962 1321 Platoni
998 1270 1333 1322 necessarium
1369 1269 1527 1318 videri
1562 1269 1752 1329 debuit,

83 1353 140 1399 ut
174 1346 353 1396 horum
388 1360 587 1411 quoque
620 1343 863 1393 rationem
909 1342 1228 1394 examinaret.
1297 1341 1587 1405 Quanquam
1623 1340 1754 1395 enim

82 1434 183 1471 non
215 1414 415 1467 aliunde
451 1421 649 1467 constat
684 1415 847 1481 ipsum
883 1412 1196 1478 Aristippum
1221 1417 1339 1478 post
1364 1411 1585 1461 Socratis
1619 1427 1754 1459 mors

6 1520 10 1524 -
84 1496 188 1540 tem
221 1489 343 1540 item
378 1486 600 1551 Megaris
623 1480 996 1537 'commoratum
1033 1500 1173 1536 essex
1212 1489 1380 1537 tamen
1414 1484 1521 1535 eius
1550 1488 1754 1537 seuten-

85 1561 154 1609 tia
200 1559 394 1609 Platoni
437 1560 503 1610 de
550 1557 630 1608 his
674 1557 824 1605 rebus
871 1555 1224 1604 commentanti
1266 1554 1400 1603 ultro
1446 1554 1497 1602 in
1533 1559 1755 1603 mentem

86 1631 280 1680 venerit
338 1645 501 1694 prope
545 1644 758 1677 necesse
806 1631 915 1687 est,
962 1631 1019 1678 ut
1054 1642 1181 1690 quae
1215 1626 1373 1692 ipsius
1412 1625 1632 1692 opinioni
1667 1640 1755 1674 ve-.

86 1704 351 1754 hementer
395 1701 758 1750 adversaretur.
840 1697 1046 1755 Etenim
1082 1698 1306 1764 proxime
1342 1712 1460 1747 sane
1491 1696 1577 1752 illa
1611 1712 1755 1751 acce—

86 1775 238 1826 debat
282 1771 344 1820 ad
391 1770 598 1820 decreta
641 1770 975 1832 Protagorae,
1020 1773 1078 1819 ut
1122 1768 1356 1835 profecto
1412 1784 1537 1830 quae
1573 1769 1637 1818 de
1674 1766 1757 1817 his

87 1845 221 1910 apud
245 1843 502 1892 Platonem
540 1842 870 1900 disSeruntur,
908 1841 1029 1894 item
1063 1838 1127 1889 de
1162 1839 1247 1888 ina
1278 1839 1487 1891 iudIcari
1522 1840 1758 1899 debeant,

86 1912 228 1965 certe
272 1914 337 1965 de
385 1913 594 1964 scientia
636 1927 693 1964 ac
739 1911 845 1960 veri
897 1911 1183 1975 cognitione
1226 1911 1277 1960 in
1322 1914 1588 1974 utrumque
1622 1908 1758 1957 idem

87 1986 267 2038 valeat.
338 1983 539 2050 Quippe
574 1983 906 2046 Protagoras,
955 1982 1100 2036 sicuti
1137 1987 1282 2030 antea
1315 1981 1556 2039 vidimus,
1596 1979 1760 2029 homi-

89 2074 204 2107 nem
238 2055 439 2104 volebat
485 2071 600 2103 esse
643 2069 813 2106 rerum
849 2069 1158 2111 mensuram3
1208 2050 1438 2103 similiter
1471 2051 1761 2119 Aristippus

92 2128 254 2177 omnia
288 2126 546 2179 referebat
581 2125 644 2173 ad
681 2117 871 2185 πάθη,
910 2139 1120 2188 quorum
1156 2124 1253 2174 tria
1294 2122 1511 2173 faciebat
1544 2121 1761 2186 generez

91 2199 330 2258 iucunda,
367 2213 578 2262 quorum
612 2195 726 2244 finis
763 2194 994 2260 voluptas
1032 2200 1196 2254 esset3
1233 2194 1472 2253 molesta,
1509 2210 1636 2258 quae
1671 2193 1779 2244 lla-J

93 2272 275 2319 herent
321 2268 573 2328 dolorem3
617 2266 806 2325 media,
856 2267 912 2315 'in
958 2267 1136 2330 quibus
1182 2281 1276 2315 nec
1310 2266 1492 2315 honum
1529 2280 1623 2317 nec
1659 2281 1765 2313 ma-.

95 2342 196 2391 lum
239 2341 443 2388 inesset.
492 2354 541 2389 v.
590 2336 760 2388 Sext.
799 2338 971 2402 Emp.
1004 2336 1110 2388 VH.
1149 2337 1233 2384 99.
1306 2335 1575 2386 Abderites
1611 2352 1768 2402 porro

95 2412 427 2476 cognitionem
477 2415 530 2458 et
575 2409 830 2459 scientiam
881 2424 978 2459 non
1014 2425 1076 2457 ex
1112 2408 1235 2473 ipsis
1273 2409 1426 2456 rebus
1461 2408 1553 2457 sed
1589 2423 1650 2458 ex
1685 2410 1769 2456 e'a-.

8 2511 9 2515 =
94 2499 206 2533 rum
242 2497 334 2547 per
369 2496 547 2530 sensus
586 2479 910 2544 perceptione
944 2480 1134 2529 hauriri
1158 2479 1421 2538 censebat;
1459 2477 1632 2527 eadem
1656 2478 1770 2530 fere

99 2552 346 2605 sententia
395 2551 499 2614 fuit,
537 2551 825 2617 philosophi
871 2551 1168 2616 Cyrenaici,
1214 2551 1299 2614 qui
1346 2549 1451 2600 sola
1497 2543 1565 2598 τὰ
1602 2543 1766 2613 πάθη

101 2624 416 2676 existimabat
469 2638 583 2671 esse
627 2617 943 2683 κατάληπτα
987 2627 1042 2671 et
1087 2614 1463 2683 ἀδιάψευστα,
1511 2635 1610 2671 non
1645 2621 1770 2671 item

20 2696 26 2700 ”
102 2712 216 2755 reS,
255 2712 282 2743 a
320 2693 498 2758 quibus
549 2693 1004 2756 proficiscerentur.
1053 2709 1100 2743 v.
1137 2691 1446 2741 Aristocl.
1496 2693 1628 2757 apud
1664 2692 1768 2740 Eu-

103 2767 210 2816 seb.
258 2765 436 2828 Praep.
479 2763 664 2827 Evang.
713 2763 842 2813 xlv.
889 2781 939 2828 p.
985 2762 1109 2814 764.
1158 2763 1199 2811 G
1247 2776 1353 2827 sqq.
1403 2762 1568 2811 Sext.
1606 2763 1769 2827 Emp.

103 2835 210 2883 adv.
252 2834 495 2883 Mathem.
542 2832 648 2883 vu.
687 2834 791 2881 19⁰
827 2849 919 2897 sqq
971 2833 1053 2883 Vi.
1090 2834 1175 2884 53.
1248 2833 1421 2895 Diog.
1471 2829 1675 2885 Laert.
1712 2833 1772 2887 11.

103 2907 187 2955 92.
260 2903 315 2953 lu
361 2905 538 2968 quibus
588 2903 818 2967 profecto
870 2919 1060 2952 summa
1096 2904 1315 2952 cernitur
1351 2901 1622 2954 similitudo
1657 2920 1773 2955 sen-
1850 2919 1855 2937 ¹

103 2975 385 3026 tentiarum.
467 2974 756 3036 Quanquam
803 2972 1114 3023 diffitendum
1166 2989 1263 3021 non
1315 2979 1422 3032 est,
1470 2971 1776 3039 Cyrenaicos

106 3062 339 3098 sensuum
377 3044 667 3093 affectiones
705 3048 909 3092 eatenus
947 3044 1287 3092 tantummodo
1330 3059 1423 3109 pro
1459 3045 1564 3094 veri
1602 3057 1777 3095 norma

108 3125 161 3168 et
196 3116 368 3182 regula
404 3114 656 3174 habuisse,
694 3120 935 3178 quatenus
971 3114 1050 3162 vel
1084 3113 1310 3167 dolorem
1353 3112 1433 3165 vel
1468 3116 1777 3182 voluptatem

109 3189 374 3245 afferrent,
420 3186 471 3240 in
515 3201 673 3249 eaque
722 3202 782 3234 re
827 3185 1130 3250 aliquantum
1173 3184 1468 3238 discessisse
1492 3186 1494 3190 '
1518 3204 1549 3236 a
1594 3187 1787 3236 *Prota

109 3276 245 3325 gora.
329 3256 427 3307 Hic
475 3257 605 3305 euim
655 3256 888 3323 neglecta
938 3255 1124 3305 doloris
1171 3261 1225 3306 et
1269 3257 1537 3323 voluptatis
1581 3259 1778 3308 ratione

111 3331 310 3380 omnino
345 3341 523 3378 seusus
560 3328 665 3376 veri
700 3326 890 3376 iudices
928 3327 1219 3387 constituit,
1256 3333 1406 3392 atque
1442 3321 1540 3388 τὰς
1574 3323 1777 3389 ala-325·

111 3418 249 3462 σεις;
284 3398 483 3452 iucundi
519 3403 571 3448 et
604 3398 855 3449 iniucundi
892 3408 1092 3449 sensum
1126 3397 1248 3449 nihil
1297 3399 1666 3466 respiciendum
1700 3399 1776 3449 iu-
