2028 3750
736 215 1155 297 sopn1sTA.

1684 218 1786 270 183

120 356 215 429 ον,
267 366 321 419 τί
377 360 643 434 δοκοῦμεν
697 358 772 418 ἂν
825 368 902 427 εὶς
954 366 1010 419 τί
1049 365 1139 418 καὶ
1180 364 1270 418 ἐπὶ
1307 357 1472 419 ποῖον
1513 359 1689 417 αὐτόν
1730 382 1787 417 τε

120 444 585 517 καταχρήσασθαι
624 448 718 501 καὶ
757 448 834 516 τῷ
879 450 1286 518 πυνθανομένῳ
1327 442 1626 513 damnvm,-

245 530 450 585 ΘΕΑΙ.
534 525 795 584 Χαλεπὸν
834 525 976 603 ἤρου
1017 532 1110 586 καὶ
1148 523 1338 601 σχεδὸν
1382 527 1565 588 εἰπεῖν’
1592 531 1691 603 olcg
1730 548 1788 597 γε

119 612 242 685 ἐμοὶ
279 607 637 668 παντάπασιν
678 607 916 688 ἄπορον.

236 773 296 815 τί
319 774 589 843 δοκουμεν
624 772 707 830 αν]

750 774 1090 817 Fd1ttomnes.
1133 774 1267 816 τοῦτο
1304 771 1354 816 n}
1387 791 1444 827 my
1475 771 1546 827 ὃν,
1582 774 1690 828 ἔχειν
1715 775 1793 816 δο-

42 854 46 858 -
121 831 280 886 κοῦμεν
315 846 368 871 αν
407 827 464 880 εἷς
499 834 545 872 τί
578 848 614 873 κ.
654 848 694 876 τ,
735 831 769 872 λ.
804 832 905 874 Ven.
951 832 1011 874 Π.
1040 833 1173 873 τοῦτο
1203 848 1253 872 το
1282 830 1339 885 μὴ
1378 831 1430 874 ὅν
1458 845 1525 872 τι·
1559 832 1688 899 ἴχειν
1706 833 1791 872 dou.

121 889 250 931 Bodl.
278 887 377 930 Vat
408 889 540 929 τοῦτο
576 904 626 928 το
661 887 718 940 μὴ
755 903 808 930 ον
835 905 879 928 τι
908 888 1129 943 domanam.
1174 889 1274 929 Par.
1305 889 1356 934 Β
1388 892 1522 929 τοῦτο
1550 890 1598 928 τό
1630 884 1688 941 μή
1720 901 1791 932 ov·

120 947 168 998 31
169 952 230 986 εἰν
258 945 445 1000 δοκῶμεν
468 943 538 984 ἄν.
581 944 706 986 vind.
736 945 842 988 Ven.
870 947 921 988 Σ.
951 945 1081 988 Coisl.
1111 947 1163 988 al.
1197 946 1329 986 τοῦτο
1360 945 1408 985 τὸ
1441 962 1500 1001 μ]
1535 960 1585 987 ον
1612 944 1686 988 ὅιι
1717 947 1794 989 δο-

121 1016 290 1060 unumv-
319 1015 360 1044 v.
388 1001 498 1045 infra
523 1005 797 1043 commentar.

123 1142 273 1195 Itaque
300 1145 469 1196 gratum
488 1141 610 1183 nobis
629 1145 672 1182 et
692 1140 919 1184 iucundum

124 1198 305 1250 accidit,
341 1198 456 1252 quod
496 1211 576 1252 pro
604 1199 711 1247 ἔχειν
739 1199 781 1240 ἰη
808 1200 920 1240 mul-

125 1257 181 1298 tis
209 1254 335 1298 codd.
363 1252 462 1306 ὅτι,
499 1256 542 1296 in
569 1255 704 1296 tribus
734 1255 920 1309 optimis,

125 1311 254 1356 Bodl.
278 1311 377 1354 vat.
405 1316 450 1353 et
475 1311 582 1354 Ven.
613 1311 696 1362 11.‚
728 1328 772 1353 τι
807 1311 922 1366 (sine

125 1366 328 1423 accentu)
370 1373 588 1423 repertum
628 1373 707 1413 est.
777 1369 922 1421 Atque

127 1426 226 1469 hinc
270 1430 474 1480 putamus
520 1437 666 1467 veram
714 1425 924 1479 prodiisse

128 1483 412 1538 scripturam,
450 1494 560 1523 nunc
587 1482 763 1524 tandem
792 1496 816 1523 a
844 1494 924 1523 no-

128 1540 197 1582 bis
238 1539 281 1580 in
322 1540 466 1581 locum
502 1551 624 1581 suum
671 1539 925 1584 restitutam.

129 1598 257 1641 Quae
296 1608 371 1637 cur
410 1595 644 1648 depravata
671 1595 752 1648 sit,
794 1609 925 1636 causa

130 1655 173 1696 in
216 1656 389 1706 promtu
437 1655 513 1693 est.
578 1652 770 1695 Insolens
813 1654 925 1694 enim

131 1710 362 1752 verborum
391 1709 652 1750 constructio
683 1709 926 1751 criticorum

131 1768 298 1809 animos
337 1765 621 1820 perturbavit,
662 1769 710 1806 ut
747 1766 927 1809 sollicite

132 1823 260 1866 aliam
300 1822 610 1864 etsrectiorem
652 1822 813 1865 scilicet
844 1822 925 1863 cir-

116 1879 445 1934 cumspicerent
463 1879 700 1921 lectionem.
732 1877 821 1920 Sed
834 1891 926 1920 ma-

132 1939 178 1980 la
205 1948 308 1981 crux
337 1948 412 1976 eos
438 1935 634 1988 agitavit,
664 1948 795 1989 quum
818 1935 929 1988 ἔχειν

133 1991 252 2037 istud
270 2005 396 2034 suum
413 1992 682 2033 inculcarent.
742 1992 840 2036 Quo
861 1992 926 2034 ni-

134 2051 192 2094 hil
230 2049 405 2102 melius,
440 2049 580 2090 omnia
618 2049 763 2102 peiora
791 2047 923 2093 facta.

132 2108 229 2152 Iam
256 2105 356 2161 quid
385 2105 447 2148 rei
476 2105 555 2158 sit,
591 2105 651 2146 ita
681 2105 837 2147 docere
864 2106 931 2147 iu-

136 2169 238 2216 vat,
274 2167 324 2205 ut
360 2162 544 2217 primum
571 2163 798 2204 verborum
833 2175 932 2203 sen,-

139 2221 317 2263 tentiam
345 2219 633 2270 declaremus,
677 2217 830 2260 deinde
868 2218 932 2259 di-

138 2291 290 2320 eamus
321 2276 374 2318 de
403 2275 634 2318 eorundem
650 2276 930 2318 constructio-

138 2348 204 2382 ne.
262 2333 457 2375 Universi
495 2332 623 2386 igitur
651 2333 733 2377 loci
763 2336 933 2374 senten-

139 2392 201 2434 tia
235 2390 339 2433 haec
385 2393 471 2432 ests
530 2389 589 2431 Si
623 2389 795 2442 igitur
832 2401 933 2430 non

141 2446 524 2490 contentionis
579 2450 685 2487 aut
741 2448 887 2488 lusu
907 2458 928 2486 s

141 2505 324 2560 gratia
369 2502 469 2545 sed
504 2502 651 2544 serio
692 2503 930 2555 aliquem

142 2561 450 2603 auditorum
506 2571 580 2612 op
602 2564 787 2601 ortea
808 2563 826 2599 t
870 2572 930 2601 re

144 2629 423 2673 perpensa
444 2614 930 2683 declarare‚quor-

146 2687 259 2715 sum
293 2684 484 2714 nomen
521 2671 668 2713 istud
705 2670 755 2712 τὸ
785 2667 841 2725 μὴ
880 2670 933 2712 ὅν

146 2729 343 2772 referri
393 2728 619 2793 dqbeass
657 2727 783 2779 quid
813 2740 932 2768 cen-

148 2783 688 2830 semussscuinamrei
710 2788 758 2824 et
787 2784 933 2834 quali

147 2839 526 2895 designandae
548 2852 658 2880 eum
685 2845 934 2892 putamus

149 2903 204 2941 et
257 2899 430 2952 ipsum
485 2894 631 2939 illud
677 2895 932 2936 adhibitu-

149 2968 261 2999 rum
297 2957 349 2996 et
393 2952 683 3006 quaerenti
721 2951 934 2992 demon-

151 3009 482 3055 straturum?
549 3008 635 3050 Hic
676 3008 802 3062 igitur
838 3021 935 3049 sen—-

151 3079 224 3111 sus
273 3068 496 3109 verborum
538 3069 616 3107 est.
677 3065 776 3109 Quo
805 3077 939 3117 expo-

151 3127 235 3169 sito
269 3123 391 3165 facile
419 3122 660 3177 apparebit,
695 3120 795 3175 quid
823 3122 940 3162 inso-

151 3181 309 3226 leutiae
346 3179 444 3222 insit
469 3179 512 3222 in
541 3177 623 3220 his:
665 3178 711 3218 τι
736 3177 943 3230 δοκοῦμεν

153 3241 211 3286 εἰς
240 3238 285 3278 τί
310 3237 381 3278 καὶ
411 3235 483 3277 ἐπὶ
510 3238 636 3276 ποῖον
664 3249 700 3274 κ.
720 3249 759 3275 τ.
778 3234 814 3274 λ.
861 3234 943 3278 Ni-

154 3295 308 3340 mirum
346 3292 491 3335 similis
523 3290 628 3338 haec
657 3296 724 3333 est
751 3296 943 3332 constru-

155 3352 241 3394 ctio
271 3349 353 3402 ini,
385 3362 468 3402 qua
495 3347 644 3402 optimi
673 3347 828 3400 quique
857 3347 944 3388 La-

162 3407 339 3452 tinitatis
379 3410 575 3451 auctores
609 3405 677 3448 usi
713 3409 820 3449 sunt.
863 3402 945 3448 Ci-

1004 1154 1111 1183 cer.
1158 1142 1225 1184 De
1267 1142 1391 1184 Offic.
1434 1141 1489 1188 ΙΙ.
1544 1145 1583 1190 7,
1654 1143 1794 1187 Quid

1005 1198 1143 1240 enim
1204 1212 1491 1240 censemus
1544 1201 1794 1253 superio—

1003 1266 1116 1297 r-em
1155 1256 1300 1298 illum
1341 1255 1652 1308 Dionysium
1691 1270 1794 1309 quo

1004 1312 1255 1354 cruciatu
1294 1313 1511 1354 timoris
1547 1312 1670 1366 angi
1713 1327 1794 1362 so-

1005 1369 1193 1410 litum?
1231 1369 1304 1410 ubi
1346 1369 1509 1410 mireris
1555 1369 1794 1412 Heusin-

1005 1437 1205 1479 gerum,
1228 1424 1356 1468 Beie
1369 1438 1495 1478 rum,
1515 1426 1636 1478 allos,
1648 1439 1795 1468 exem-

1005 1483 1076 1538 pla
1112 1483 1174 1524 rei
1210 1484 1494 1534 cumulantes,
1536 1493 1615 1524 nec
1652 1488 1794 1524 tamen

1007 1551 1151 1580 veram
1183 1539 1272 1579 eius
1303 1539 1508 1580 rationem
1538 1539 1793 1593 perspicien-

1008 1600 1084 1637 tes.
1144 1594 1370 1638 Enimvero
1400 1608 1468 1637 res
1497 1596 1556 1636 ita
1586 1609 1634 1637 se
1662 1594 1801 1638 habet.

1007 1651 1211 1695 Inchoata
1277 1664 1355 1705 per
1426 1652 1801 1705 interrogationem

1009 1709 1147 1750 oratio
1167 1721 1244 1762 per
1258 1720 1412 1750 novam
1429 1709 1799 1762 interrogationem

1010 1765 1303 1814 continuatum
1330 1766 1605 1818 quamobrem
1634 1779 1713 1808 nec
1738 1766 1801 1807 di-

1011 1822 1234 1865 stinctione
1283 1822 1445 1874 singula
1497 1823 1687 1867 membra
1735 1822 1801 1863 di—

1009 1878 1202 1920 vellenda
1231 1878 1307 1920 sed
1327 1879 1367 1918 in
1396 1891 1524 1919 unum
1543 1879 1802 1926 coarctanda

1010 1940 1121 1977 sunt.
1177 1934 1224 1976 Id
1255 1934 1370 1987 quod
1400 1936 1465 1976 vel
1493 1934 1557 1976 hic
1584 1937 1706 1977 locus
1736 1937 1800 1977 lu-

1010 1991 1296 2034 culentissime
1334 1996 1541 2042 testatur,
1578 1992 1647 2045 qui
1678 1993 1803 2037 sicuti

1009 2051 1149 2097 lucem
1167 2061 1282 2091 suam
1315 2062 1368 2090 ex
1395 2049 1465 2089 illa
1485 2049 1805 2090 constructione

1010 2109 1259 2159 recuperat,
1288 2105 1348 2146 ita
1375 2105 1558 2146 vicissim
1589 2106 1803 2147 obscurae

1013 2166 1059 2209 et
1075 2162 1297 2215 ignoratae
1322 2162 1650 2203 constructionis
1671 2175 1802 2214 quac-

1011 2231 1110 2260 nam
1143 2218 1250 2260 ratio
1289 2218 1368 2270 sit,
1409 2219 1569 2272 optime
1599 2219 1802 2260 declarat.

1011 2275 1122 2317 Nam
1161 2276 1252 2328 quis
1294 2273 1464 2317 tandem
1495 2275 1634 2317 verbis
1665 2280 1801 2317 trans-

1012 2331 1163 2387 positis
1190 2332 1253 2373 sic
1293 2331 1547 2399 distinguere
1583 2334 1718 2375 volet.
1759 2333 1806 2372 τί

1013 2389 1222 2456 δοκοῦμεν
1255 2385 1418 2437 «univ,-
1455 2389 1512 2434 εἰς
1547 2389 1592 2429 τί
1626 2389 1698 2429 καὶ
1733 2388 1806 2430 ent

1010 2449 1136 2488 ποῖον
1177 2460 1230 2485 αν
1269 2441 1408 2486 αὐτὸν
1443 2443 1805 2510 καταχρνσασθαι

1011 2502 1082 2543 καὶ
1128 2518 1186 2557 τῳ
1223 2504 1533 2555 πυνθανομένῳ
1571 2500 1806 2542 ἐπιδεικνύω

1011 2573 1103 2609 ναι;
1160 2561 1230 2610 At,
1262 2559 1414 2599 dixerit
1442 2559 1665 2612 quispiam,
1698 2558 1805 2600 cede

1013 2619 1133 2659 locos
1160 2616 1410 2667 scriptorum
1440 2616 1730 2666 Graecorum?
1762 2615 1803 2655 in

1014 2672 1165 2724 quibus
1214 2671 1364 2712 eadem
1420 2677 1643 2724 usurpatur
1702 2683 1804 2711 con-

1015 2728 1219 2769 structioe
1273 2727 1408 2766 adhuc
1444 2728 1552 2768 enim
1592 2727 1713 2767 nobis
1751 2727 1807 2768 de

1014 2785 1105 2825 unis
1134 2783 1297 2823 Latinis
1326 2784 1517 2824 narrasti.
1569 2784 1690 2825 Dabo
1731 2795 1806 2824 ve-

1014 2854 1089 2889 ro;
1118 2838 1389 2895 neque‘lenim
1424 2840 1546 2889 longe
1564 2840 1810 2881 arcessendi

1016 2900 1089 2937 aut
1147 2895 1325 2935 sollicite
1391 2896 1635 2948 anquirendi
1694 2901 1809 2948 sunt,

1016 2964 1144 3005 quum
1172 2950 1252 3004 ipsi
1281 2950 1457 2992 eandem
1488 2953 1692 2995 rationem
1720 2954 1808 2995 iam

1018 3009 1336 3061 exposuerimus
1380 3007 1434 3051 ad
1481 3008 1720 3050 Phaedrum
1767 3023 1809 3063 p.

1019 3069 1117 3107 269.
1157 3065 1207 3108 Α
1247 3064 1320 3105 ubi
1358 3065 1453 3117 lege
1492 3077 1600 3116 quae
1637 3066 1808 3120 scripsi—

1021 3134 1142 3170 mus,
1170 3120 1377 3173 siquidem
1406 3133 1517 3162 nunc
1546 3123 1659 3163 lectu
1686 3122 1812 3176 digna
1890 3124 1906 3137 ⁶

1020 3177 1253 3219 videantur.
1308 3177 1374 3217 Ad
1418 3177 1478 3232 τῷ
1511 3182 1815 3245 πυνθανομένῳ

1023 3230 1232 3274 δεικνύιαι
1307 3233 1380 3276 int.
1452 3233 1815 3291 καταχρησασθαι

1025 3287 1160 3345 mimi.

1085 3347 1133 3387 C.
1189 3343 1432 3400 χαλεπον
1475 3344 1815 3406 ›5'001JV-ad

1029 3405 1175 3461 Symp
1204 3417 1228 3459 p
1277 3406 1373 3446 115.
1399 3403 1452 3449 Β
