2028 3750
746 186 1099 251 SOPHIS‘T
1116 201 1176 249 A.
1739 197 1812 252 65

249 343 302 409 Ξ
305 348 364 402 Ε.
452 346 545 416 Τῷ
590 347 718 416 μέν,
761 334 802 398 ὦ
840 340 1161 419 ·Σιόκρ.οιτες,
1204 337 1426 413 ἀλύπως
1467 359 1526 396 τε
1564 341 1657 396 καὶ
1681 338 1808 410 εὐη-

124 436 253 497 νίως
294 424 796 506 προςδιαλεγομένῳ
837 424 981 502 ῥᾷον
1023 423 1185 492 οὕτω,
1229 422 1293 481 τὸ
1338 422 1479 500 πρὸς
1505 420 1709 481 ἄλλον
1753 433 1802 483 εὶ
1851 431 1893 483 D

110 519 185 571 ’δὲ
220 514 327 588 μή,
369 512 433 571 τὸ
464 510 618 568 >καθ’
667 508 861 567 αὐτόν.

251 598 401 653 ΣΩ.
453 593 552 662 ’Ἐξ
553 614 682 651 εστι
709 598 925 663 τοίνυν
941 595 1053 648 τῶν
1082 589 1377 666 παρόντων
1417 590 1482 649 ὃν
1507 590 1580 656 ἂν
1603 595 1810 664 βουλη-

123 685 240 760 θῇς
270 680 630 747 ἐκλέξασθαι·
675 676 879 745 πάντες
903 674 1011 749 γὰρ
1035 675 1452 733 ὑπακουσοντοιί
1477 697 1566 734 σοι
1588 676 1806 753 πράως·

110 763 412 837 συμβούλῳ
455 760 565 836 μὴν
609 765 748 834 ἐμοὶ
765 759 1044 835 χρώμενος
1087 764 1198 817 τῶν
1242 765 1377 816 νέων
1418 760 1542 818 τινὰ
1577 760 1805 832 αἱρήσει,

106 853 435 917 Θεαίτητον
476 844 668 912 τόνδε,
722 840 758 913 ἢ
802 848 894 900 καὶ
938 846 1048 900 τῶν
1089 842 1273 900 ἄλλων
1315 844 1365 900 εί
1404 849 1485 910 τίς
1526 865 1615 921 σοι
1658 843 1803 901 κατὰ
1847 864 1849 868 ·

125 937 283 990 νοῦν.
415 1002 419 1003 ⁷
1231 991 1235 994 ⁴
1562 1001 1565 1005 Δ

252 1012 367 1078 ΞΕ.
431 1008 516 1072 Ὦ.
568 1011 900 1087 Σώκρατες,
953 1006 1126 1073 αἰδώς.
1175 1012 1257 1074 τίς
1311 1009 1370 1082 μ’
1434 1016 1538 1083 ἔχει
1590 1008 1653 1068 τὸ
1702 1015 1808 1069 νῦν

122 1102 344 1177 πρῶτον
399 1098 797 1172 συγγενόμενον
827 1093 980 1168 ὑμῖν
1035 1091 1112 1165 μὴ
1168 1090 1311 1149 κατὰ
1379 1092 1608 1170 σμικρὸν
1676 1100 1807 1168 ἔπος

215 1321 289 1366 ·.Ῑ)
347 1316 466 1363 τινὰ
511 1314 751 1375 αἱρήσει]
810 1316 861 1358 V
901 1309 1082 1368 αἱρήσῃ,
1117 1314 1232 1367 quod
1274 1327 1329 1358 ex
1362 1314 1490 1358 Bodl.
1504 1347 1517 1368 ‚
1557 1331 1685 1370 quem
1723 1332 1808 1370 non

123 1380 375 1424 memoravit
401 1379 724 1428 Bekkerus,
757 1371 957 1424 Coislin„
988 1372 1085 1413 Vat.
1119 1370 1189 1424 Δ.,
1215 1371 1279 1414 de
1307 1386 1391 1426 quo
1422 1374 1526 1415 item
1556 1379 1672 1417 tacet
1687 1368 1807 1419 Bek-

121 1440 273 1490 ken-us,
303 1432 410 1480 ven.
443 1435 505 1478 H.
541 1447 606 1489 pr.
636 1447 693 1475 m
709 1443 882 1485 ,quem
910 1441 1058 1470 rursus
1094 1429 1260 1470 silentio
1302 1431 1469 1472 transiit
1500 1431 1806 1486 Bekkerus‚

122 1496 212 1536 sine
241 1495 327 1536 ulla
356 1493 617 1535 dubitatione
633 1490 920 1533 mutavimus
961 1485 1085 1527 Idem
1105 1485 1263 1527 dictum
1286 1492 1380 1528 esto
1403 1489 1457 1529 de
1487 1487 1635 1530 formis
1663 1493 1809 1544 paullo

121 1552 297 1594 inferius
337 1548 686 1599 obvenientibus,
729 1539 988 1595 διακελεόει,
1027 1543 1135 1594 ἔσει,
1171 1541 1418 1598 βουλευᾋσει
1457 1545 1529 1587 ubi
1558 1543 1685 1600 vulgo
1716 1553 1808 1589 erat

122 1606 358 1664 διακελεύῃ,
388 1609 473 1662 ἴση,
505 1601 735 1660 βουλεύσῃ,
771 1603 843 1644 ubi
873 1601 1025 1642 mirum
1056 1603 1123 1641 est
1152 1599 1399 1642 Bekkerum
1429 1601 1508 1643 hos
1539 1603 1672 1646 libros
1703 1606 1807 1648 item

27 1855 33 1867 =
82 1840 90 1846 '
122 1826 426 1878 Parmenidem
443 1832 616 1877 demum
641 1831 794 1875 litteris
823 1840 927 1871 con-

125 1893 341 1946 signatum
363 1905 465 1934 esse
483 1895 674 1933 censent.
718 1889 809 1930 Nos
827 1886 928 1941 quid

123 1949 179 1990 de
225 1953 317 1990 tota
363 1961 516 1990 caussa
565 1945 825 1996 statuamus,
883 1944 927 1985 in

121 2006 449 2059 Prolegomenis
478 2005 533 2048 ad
564 2005 673 2046 hunc
702 2004 853 2061 librum
883 2004 929 2042 et

119 2063 178 2105 ad
207 2061 491 2105 Theaetetum
522 2063 807 2115 exposuimus.

183 2118 262 2172 Τῷ
291 2122 404 2174 μέν,
436 2115 473 2160 ὦ
499 2118 683 2173 Σώκρ.]
721 2118 778 2158 Si
808 2115 925 2170 quis

91 2176 523 2232 ‚respondentis
591 2180 777 2230 partes
848 2173 926 2214 ita

124 2233 396 2286 sustinet,
450 2238 508 2275 ut
542 2246 646 2274 non
697 2234 926 2285 gravate

123 2291 224 2334 sed
254 2290 435 2333 facilis
465 2284 820 2344 respondeat,
849 2287 925 2329 fa·-

125 2339 290 2390 cilius
322 2351 410 2389 est
436 2347 537 2389 hoc
569 2347 730 2388 modo
757 2346 925 2387 disse-

123 2418 271 2456 rere,
314 2403 413 2446 hoc
448 2409 534 2448 est
574 2405 670 2456 sic,
712 2407 772 2444 ut
811 2414 927 2443 cum

123 2462 237 2505 alio
267 2455 648 2514 colloquamur
690 2464 929 2502 utamur-

124 2532 227 2574 que
294 2518 685 2572 interrogandi
744 2521 795 2558 et
848 2529 927 2558 re-

125 2575 700 2631 spondendi-vicibus»,
734 2573 927 2614 sinmi-

124 2646 220 2677 nus
263 2636 345 2674 etc.
429 2630 767 2673 Constructionis
818 2630 928 2671 ratio

124 2690 266 2744 paullo
307 2687 527 2731 difficilior.
594 2687 706 2730 Nam
744 2687 928 2740 primum

125 2745 324 2799 quidem.
336 2743 398 2795 τῷ
434 2765 493 2774 —-
530 2743 927 2797 προςδιαλεγομέιῳ

126 2815 211 2844 ιιοιι
245 2814 298 2842 ex
328 2800 436 2854 ῥᾷον
464 2800 638 2854 pendet,
671 2799 749 2841 sed
785 2810 841 2840 ex
867 2800 932 2840 in-

126 2859 284 2902 finitivo
320 2858 537 2908 διεξιέναι,
573 2856 795 2908 ιιάηιιειιι
830 2867 933 2896 eun-

129 2916 229 2957 dem
263 2915 391 2956 etiam
431 2910 566 2959 οὕτως
597 2913 712 2953 istud
741 2911 932 2954 referen-

129 2973 250 3014 dum
263 2976 343 3023 est,
372 2969 487 3023 quod
519 2969 747 3022 epexegesi
777 2969 933 3009 verbo-

127 3043 223 3072 rum
272 3024 322 3068 τὸ
370 3024 479 3081 πρὸς
515 3023 645 3065 ἄλλον
686 3025 929 3066 illustratur·

127 3085 294 3130 Deinde
330 3084 368 3124 εἰ
406 3084 448 3124 δὲ
479 3080 540 3138 μή
576 3082 793 3124 subiicitur
834 3093 933 3137 per-

83 3184 91 3194 ,
129 3143 229 3186 inde
282 3154 332 3182 ac
381 3140 417 3182 si
455 3139 735 3208 praecederet
787 3138 825 3178 εἰ
863 3140 938 3192 μέν

130 3216 197 3246 τις
229 3196 398 3245 ἀλύπως
426 3197 496 3238 καὶ
530 3193 701 3249 εὐηνίως
727 3195 938 3248 προς-δια..

131 3257 319 3310 λέγεται,
350 3259 398 3295 ut
428 3258 666 3295 structurae
698 3265 845 3293 cursus
875 3253 937 3294 le-

131 3315 242 3355 viter
291 3314 468 3354 inflexus
507 3311 576 3352 sit
647 3309 859 3378 Denique
886 3307 936 3349 τό

49 3382 60 3393 ·
130 3367 244 3424 πρὸς
283 3368 416 3408 amm·
455 3372 498 3410 et
553 3363 602 3409 τὰ
641 3361 755 3406 καθ’
804 3362 941 3406 αὑτὸν

132 3428 265 3470 instar
294 3425 481 3468 adverbii
512 3426 602 3475 est,
643 3422 687 3464 id
729 3421 845 3476 quod
873 3423 941 3464 vel

150 3500 155 3502 ’
201 3512 313 3553 Plat.
346 3511 457 3565 epp.
488 3509 582 3552 vol.
617 3507 727 3550 vm.
759 3506 875 3548 sect.
905 3504 958 3547 ιι.

40 1675 49 1680 ’
121 1666 330 1717 tacuisse,
356 1675 490 1719 quum
519 1668 663 1705 tamen
692 1662 799 1704 alios
829 1659 1064 1702 deteriores
1090 1662 1230 1700 testes
1261 1659 1470 1703 citaverit.

1014 1841 1069 1870 ex
1130 1827 1403 1883 praecedenti
1458 1826 1596 1879 οὕτως
1654 1831 1809 1875 intelli—

1011 1888 1134 1939 gitur.
1204 1886 1406 1928 Ceterum
1447 1883 1644 1940 ειήνίως,
1678 1903 1809 1943 quum

1011 1943 1181 2003 proprie
1213 1942 1267 1984 de
1298 1957 1350 1984 eo
1379 1947 1564 1997 ponatur
1601 1946 1698 1999 qui
1732 1946 1810 1991 fa-

1012 1998 1117 2043 cile
1147 1999 1370 2042 habenis
1402 1999 1686 2055 flectitur,
1716 2016 1810 2047 me-

1009 2057 1225 2111 taphorice
1266 2057 1418 2098 dicitur
1459 2058 1530 2111 qui
1554 2034 1702 2102 facili’s
1742 2064 1812 2103 est

1009 2114 1131 2157 alteri
1161 2118 1287 2167 atque
1317 2115 1568 2156 commodus
1602 2129 1741 2170 neque
1773 2118 1814 2161 ei

1010 2177 1175 2215 temere
1204 2170 1444 2224 refragatur
1472 2183 1512 2216 v
1535 2173 1812 2226 Ruhnken.

1011 2229 1065 2273 ad
1099 2229 1211 2270 Tim
1231 2242 1273 2283 p.
1303 2233 1368 2268 15
1399 2229 1727 2278 Boissonad.
1761 2231 1817 2274 ad

1010 2286 1213 2334 Philostr.
1245 2285 1435 2328 Heroica
1464 2300 1503 2341 p.
1532 2292 1629 2332 560.
1688 2288 1816 2331 Unde

1008 2343 1194 2397 iungitur
1225 2355 1322 2384 cum
1349 2340 1535 2395 ἄλύπως,
1571 2344 1610 2389 h.
1645 2358 1682 2386 e.
1712 2358 1816 2388 non

1012 2404 1264 2455 gravate,
1328 2413 1427 2442 non
1496 2415 1663 2456 aegre
1727 2407 1818 2444 aut

1013 2469 1056 2500 m
1072 2459 1122 2500 ol
1139 2471 1160 2499 e
1172 2471 1192 2497 s
1204 2461 1220 2498 t
1230 2470 1268 2498 e.
1334 2458 1576 2511 Utriusque
1621 2446 1818 2501 vocabuli

1006 2514 1329 2568 *copulationem
1387 2515 1563 2568 tetigit
1582 2514 1621 2556 B
1634 2529 1660 2557 ο
1673 2517 1687 2558 i
1701 2529 1721 2556 s
1736 2529 1755 2555 s
1767 2529 1818 2556 ο-

1013 2571 1204 2615 nadius
1249 2571 1305 2614 ad
1353 2549 1593 2627 ΕιιιιιιΡίιιιιι
1631 2585 1680 2635 P'..
1715 2575 1815 2619 231.

1013 2633 1060 2672 et
1087 2633 1187 2670 255.

1070 2679 1245 2726 1)»το
1276 2683 1367 2726 νῦν
1396 2682 1608 2738 πρῶτον
1634 2698 1820 2740 συγγε-

1015 2737 1248 2795 νόμενον
1292 2740 1378 2794 --]
1446 2741 1583 2793 quod
1657 2754 1820 2795 quum

1015 2811 1153 2840 nunc
1209 2798 1385 2851 ipsum
1437 2798 1676 2863 primum
1730 2802 1865 2840 vo-'

1015 2854 1224 2896 hiscum
1252 2866 1566 2906 converser,
1597 2867 1696 2896 non
1726 2868 1820 2905 mr·-

1016 2911 1256 2952 nutatim
1331 2914 1383 2950 et
1440 2923 1532 2964 per
1602 2913 1818 2965 partes,

1016 2968 1273 3008 verbum
1304 2979 1403 3019 pro
1465 2968 1634 3010 verbo
1690 2966 1820 3019 red-

1018 3023 1219 3074 dendo,
1265 3011 1711 3080 disputationem
1737 3024 1822 3067 in-

1018 3080 1264 3131 stituam,
1346 3079 1434 3120 sed
1515 3093 1821 3131 sermonem

1018 3134 1394 3202 producam
1481 3136 1822 3191 reddamque

1019 3193 1330 3259 longiorem
1361 3193 1514 3235 solus
1545 3193 1715 3237 verba
1743 3193 1822 3235 fa-

1021 3251 1196 3301 cienS,
1234 3249 1359 3291 sive
1400 3250 1566 3292 etiam
1603 3263 1719 3305 cum
1749 3251 1823 3292 al-

1021 3312 1150 3350 tero
1184 3308 1534 3359 colloquens,
1564 3307 1665 3350 mei
1696 3319 1823 3358 qua-

1024 3364 1067 3405 si
1097 3362 1419 3405 ostentandi
1449 3364 1657 3407 caussa.
1712 3363 1824 3404 Nam

1025 3418 1191 3463 etiamsi
1221 3425 1519 3475 argumentum
1556 3420 1824 3476 propositum

1396 3504 1434 3555 5
