<?xml version="1.0" encoding="UTF-8"?>
<!DOCTYPE html PUBLIC "-//W3C//DTD XHTML 1.0 Transitional//EN"
    "http://www.w3.org/TR/xhtml1/DTD/xhtml1-transitional.dtd">
<html xmlns="http://www.w3.org/1999/xhtml" xml:lang="en" lang="en">
 <head>
  <title>
</title>
<meta http-equiv="Content-Type" content="text/html;charset=utf-8" />
  <meta name='ocr-system' content='tesseract 3.04.00' />
  <meta name='ocr-capabilities' content='ocr_page ocr_carea ocr_par ocr_line ocrx_word'/>
</head>
<body>
  <div class='ocr_page' id='page_1' title='image "./s1s2operaomniare08platuoft_0434.png"; bbox 0 0 2028 3750; ppageno 0'>
   <div class='ocr_carea' id='block_1_1' title="bbox 232 164 335 225">
    <p class='ocr_par' dir='ltr' id='par_1_1' title="bbox 232 164 335 225">
     <span class='ocr_line' id='line_1_1' title="bbox 232 164 335 225; baseline 0 -11"><span class='ocrx_word' id='word_1_1' title='bbox 232 164 335 225; x_wconf 58' lang='grc' dir='ltr'><strong>ιιι).</strong></span> 
     </span>
    </p>
   </div>
   <div class='ocr_carea' id='block_1_2' title="bbox 868 165 1278 217">
    <p class='ocr_par' dir='ltr' id='par_1_2' title="bbox 868 165 1278 217">
     <span class='ocr_line' id='line_1_2' title="bbox 868 165 1278 217; baseline 0.002 -3"><span class='ocrx_word' id='word_1_2' title='bbox 868 165 1278 217; x_wconf 77' lang='lat' dir='ltr'>PLATONIS</span> 
     </span>
    </p>
   </div>
   <div class='ocr_carea' id='block_1_3' title="bbox 358 289 1889 382">
    <p class='ocr_par' dir='ltr' id='par_1_3' title="bbox 358 289 1889 382">
     <span class='ocr_line' id='line_1_3' title="bbox 358 289 1889 382; baseline 0.005 -21.064"><span class='ocrx_word' id='word_1_3' title='bbox 358 302 470 368; x_wconf 76' lang='grc' dir='ltr'><em>ΞΕ.</em></span> <span class='ocrx_word' id='word_1_4' title='bbox 547 303 654 373; x_wconf 70' lang='lat' dir='ltr'>Mn</span> <span class='ocrx_word' id='word_1_5' title='bbox 697 308 893 364; x_wconf 78' lang='grc' dir='ltr'><em>τοίνυν</em></span> <span class='ocrx_word' id='word_1_6' title='bbox 923 311 1102 382; x_wconf 73' lang='grc' dir='ltr'><em>ἔριὸός</em></span> <span class='ocrx_word' id='word_1_7' title='bbox 1135 316 1290 366; x_wconf 72' lang='grc' dir='ltr'><em>ἕνεκα</em></span> <span class='ocrx_word' id='word_1_8' title='bbox 1324 312 1459 381; x_wconf 74' lang='grc' dir='ltr'><em>μηδὲ</em></span> <span class='ocrx_word' id='word_1_9' title='bbox 1486 289 1725 379; x_wconf 72' lang='grc' dir='ltr'><strong>παιδιᾶς,</strong></span> <span class='ocrx_word' id='word_1_10' title='bbox 1765 312 1889 369; x_wconf 80' lang='grc' dir='ltr'><strong><em>ἀλλ’</em></strong></span> 
     </span>
    </p>
   </div>
   <div class='ocr_carea' id='block_1_4' title="bbox 151 390 1901 471">
    <p class='ocr_par' dir='ltr' id='par_1_4' title="bbox 151 390 1901 471">
     <span class='ocr_line' id='line_1_4' title="bbox 151 390 1901 471; baseline 0.002 -25"><span class='ocrx_word' id='word_1_11' title='bbox 151 395 192 446; x_wconf 84' lang='lat' dir='ltr'>C</span> <span class='ocrx_word' id='word_1_12' title='bbox 239 394 286 446; x_wconf 74' lang='lat' dir='ltr'>ei</span> <span class='ocrx_word' id='word_1_13' title='bbox 327 392 536 467; x_wconf 76' lang='grc' dir='ltr'><em>σπουδῇ</em></span> <span class='ocrx_word' id='word_1_14' title='bbox 586 393 697 444; x_wconf 76' lang='grc' dir='ltr'><strong>δέοι</strong></span> <span class='ocrx_word' id='word_1_15' title='bbox 752 390 1127 459; x_wconf 77' lang='grc' dir='ltr'><em>σὺννοήσαντοὲ</em></span> <span class='ocrx_word' id='word_1_16' title='bbox 1171 413 1294 449; x_wconf 77' lang='grc' dir='ltr'><strong>τινα</strong></span> <span class='ocrx_word' id='word_1_17' title='bbox 1336 393 1752 471; x_wconf 66' lang='grc' dir='ltr'><em>ἀποφήνασθαι</em></span> <span class='ocrx_word' id='word_1_18' title='bbox 1790 399 1901 451; x_wconf 79' lang='grc' dir='ltr'>τῶν</span> 
     </span>
    </p>
   </div>
   <div class='ocr_carea' id='block_1_5' title="bbox 234 469 1900 553">
    <p class='ocr_par' dir='ltr' id='par_1_5' title="bbox 234 469 1900 553">
     <span class='ocr_line' id='line_1_5' title="bbox 234 469 1900 553; baseline 0.002 -22"><span class='ocrx_word' id='word_1_19' title='bbox 234 473 558 548; x_wconf 58' lang='grc' dir='ltr'><em>ἀκροατῶν,</em></span> <span class='ocrx_word' id='word_1_20' title='bbox 605 480 704 528; x_wconf 77' lang='grc' dir='ltr'><strong><em>ποῖ</em></strong></span> <span class='ocrx_word' id='word_1_21' title='bbox 740 469 846 545; x_wconf 80' lang='grc' dir='ltr'>χρὴ</span> <span class='ocrx_word' id='word_1_22' title='bbox 887 472 1114 549; x_wconf 71' lang='grc' dir='ltr'>τοῦνομ’</span> <span class='ocrx_word' id='word_1_23' title='bbox 1166 480 1437 553; x_wconf 79' lang='grc' dir='ltr'><strong><em>ἐπιφέρειν</em></strong></span> <span class='ocrx_word' id='word_1_24' title='bbox 1480 482 1646 535; x_wconf 80' lang='grc' dir='ltr'><em>τοῦτο</em></span> <span class='ocrx_word' id='word_1_25' title='bbox 1703 475 1768 534; x_wconf 84' lang='grc' dir='ltr'>τὸ</span> <span class='ocrx_word' id='word_1_26' title='bbox 1825 476 1900 551; x_wconf 80' lang='grc' dir='ltr'>μὴ</span> 
     </span>
    </p>
   </div>
   <div class='ocr_carea' id='block_1_6' title="bbox 347 674 1907 735">
    <p class='ocr_par' dir='ltr' id='par_1_6' title="bbox 347 674 1907 735">
     <span class='ocr_line' id='line_1_6' title="bbox 347 674 1907 735; baseline 0.003 -14"><span class='ocrx_word' id='word_1_27' title='bbox 347 679 400 722; x_wconf 77' lang='lat'>13.</span> <span class='ocrx_word' id='word_1_28' title='bbox 454 674 572 721; x_wconf 72' lang='grc' dir='ltr'>ἄλλ’</span> <span class='ocrx_word' id='word_1_29' title='bbox 609 677 654 720; x_wconf 75' lang='grc' dir='ltr'>εἶ</span> <span class='ocrx_word' id='word_1_30' title='bbox 692 677 892 733; x_wconf 68' lang='grc' dir='ltr'>σπουδῇ</span> <span class='ocrx_word' id='word_1_31' title='bbox 932 678 1070 733; x_wconf 63' lang='grc' dir='ltr'><strong>δέοι]</strong></span> <span class='ocrx_word' id='word_1_32' title='bbox 1106 677 1158 720; x_wconf 86' lang='lat' dir='ltr'>V.</span> <span class='ocrx_word' id='word_1_33' title='bbox 1196 677 1310 733; x_wconf 74' lang='grc' dir='ltr'><strong><em>ἀλλ’,</em></strong></span> <span class='ocrx_word' id='word_1_34' title='bbox 1345 678 1401 722; x_wconf 71' lang='grc' dir='ltr'>ἄν</span> <span class='ocrx_word' id='word_1_35' title='bbox 1436 681 1613 735; x_wconf 73' lang='grc' dir='ltr'><em>σπουδῇ.</em></span> <span class='ocrx_word' id='word_1_36' title='bbox 1649 681 1776 725; x_wconf 83' lang='lat' dir='ltr'>Bodl.</span> <span class='ocrx_word' id='word_1_37' title='bbox 1806 681 1907 725; x_wconf 72' lang='lat' dir='ltr'>vat.</span> 
     </span>
    </p>
   </div>
   <div class='ocr_carea' id='block_1_7' title="bbox 232 733 566 792">
    <p class='ocr_par' dir='ltr' id='par_1_7' title="bbox 232 733 566 792">
     <span class='ocr_line' id='line_1_7' title="bbox 232 733 566 792; baseline 0.01 -17"><span class='ocrx_word' id='word_1_38' title='bbox 232 733 359 792; x_wconf 75' lang='grc' dir='ltr'><strong><em>αλλης</em></strong></span> <span class='ocrx_word' id='word_1_39' title='bbox 385 751 467 778; x_wconf 80' lang='grc' dir='ltr'>που</span> <span class='ocrx_word' id='word_1_40' title='bbox 497 735 566 790; x_wconf 59' lang='grc' dir='ltr'>δή.</span> 
     </span>
    </p>
   </div>
   <div class='ocr_carea' id='block_1_8' title="bbox 623 735 1183 778">
    <p class='ocr_par' dir='ltr' id='par_1_8' title="bbox 623 735 1183 778">
     <span class='ocr_line' id='line_1_8' title="bbox 623 735 1183 778; baseline -0.002 -1"><span class='ocrx_word' id='word_1_41' title='bbox 623 737 763 777; x_wconf 83' lang='lat' dir='ltr'>Recte</span> <span class='ocrx_word' id='word_1_42' title='bbox 791 736 890 778; x_wconf 80' lang='lat' dir='ltr'>Par.</span> <span class='ocrx_word' id='word_1_43' title='bbox 922 735 1017 776; x_wconf 85' lang='lat' dir='ltr'>CE.</span> <span class='ocrx_word' id='word_1_44' title='bbox 1049 737 1088 777; x_wconf 73' lang='grc' dir='ltr'>εἰ</span> <span class='ocrx_word' id='word_1_45' title='bbox 1116 749 1183 778; x_wconf 77' lang='lat' dir='ltr'>on.</span> 
     </span>
    </p>
   </div>
   <div class='ocr_carea' id='block_1_9' title="bbox 230 787 1906 964">
    <p class='ocr_par' dir='ltr' id='par_1_9' title="bbox 230 787 1906 964">
     <span class='ocr_line' id='line_1_9' title="bbox 347 787 1906 851; baseline 0.003 -19"><span class='ocrx_word' id='word_1_46' title='bbox 347 793 397 834; x_wconf 89' lang='lat' dir='ltr'>C.</span> <span class='ocrx_word' id='word_1_47' title='bbox 430 790 801 844; x_wconf 71' lang='grc' dir='ltr'>συννοήσαντά</span> <span class='ocrx_word' id='word_1_48' title='bbox 850 808 977 834; x_wconf 80' lang='grc' dir='ltr'><strong>τινα</strong></span> <span class='ocrx_word' id='word_1_49' title='bbox 1021 787 1442 851; x_wconf 64' lang='grc' dir='ltr'><strong>ἀποφήνασθαι]</strong></span> <span class='ocrx_word' id='word_1_50' title='bbox 1503 794 1630 838; x_wconf 78' lang='lat' dir='ltr'>Bodl.</span> <span class='ocrx_word' id='word_1_51' title='bbox 1673 791 1906 850; x_wconf 58' lang='lat' dir='ltr'>‹innuptum-</span> 
     </span>
     <span class='ocr_line' id='line_1_10' title="bbox 231 849 1905 916; baseline 0.002 -26"><span class='ocrx_word' id='word_1_52' title='bbox 231 855 369 899; x_wconf 65' lang='grc' dir='ltr'><strong>σθαι,</strong></span> <span class='ocrx_word' id='word_1_53' title='bbox 407 850 525 904; x_wconf 88' lang='lat' dir='ltr'>quod</span> <span class='ocrx_word' id='word_1_54' title='bbox 563 855 675 891; x_wconf 79' lang='lat' dir='ltr'>teste</span> <span class='ocrx_word' id='word_1_55' title='bbox 712 849 858 890; x_wconf 81' lang='lat' dir='ltr'>Bastio</span> <span class='ocrx_word' id='word_1_56' title='bbox 894 850 937 891; x_wconf 84' lang='lat' dir='ltr'>in</span> <span class='ocrx_word' id='word_1_57' title='bbox 965 849 1062 916; x_wconf 62' lang='lat' dir='ltr'>yat.</span> <span class='ocrx_word' id='word_1_58' title='bbox 1090 855 1134 891; x_wconf 89' lang='lat' dir='ltr'>et</span> <span class='ocrx_word' id='word_1_59' title='bbox 1162 850 1265 905; x_wconf 87' lang='lat' dir='ltr'>Ven.</span> <span class='ocrx_word' id='word_1_60' title='bbox 1297 851 1357 892; x_wconf 85' lang='lat'>11.</span> <span class='ocrx_word' id='word_1_61' title='bbox 1391 864 1416 892; x_wconf 85' lang='lat' dir='ltr'>a</span> <span class='ocrx_word' id='word_1_62' title='bbox 1443 865 1574 893; x_wconf 87' lang='lat' dir='ltr'>manu</span> <span class='ocrx_word' id='word_1_63' title='bbox 1609 864 1696 894; x_wconf 81' lang='lat' dir='ltr'>sec.</span> <span class='ocrx_word' id='word_1_64' title='bbox 1735 851 1905 894; x_wconf 87' lang='lat' dir='ltr'>demum</span> 
     </span>
     <span class='ocr_line' id='line_1_11' title="bbox 230 906 1906 964; baseline 0.001 -16"><span class='ocrx_word' id='word_1_65' title='bbox 230 909 455 950; x_wconf 81' lang='lat' dir='ltr'>invectum</span> <span class='ocrx_word' id='word_1_66' title='bbox 512 907 620 948; x_wconf 85' lang='lat' dir='ltr'><strong>Dein</strong></span> <span class='ocrx_word' id='word_1_67' title='bbox 649 911 752 948; x_wconf 76' lang='lat' dir='ltr'>vett.</span> <span class='ocrx_word' id='word_1_68' title='bbox 779 906 897 949; x_wconf 84' lang='lat' dir='ltr'><strong>editt.</strong></span> <span class='ocrx_word' id='word_1_69' title='bbox 924 906 1010 959; x_wconf 69' lang='grc' dir='ltr'>πῇ,</span> <span class='ocrx_word' id='word_1_70' title='bbox 1054 906 1169 961; x_wconf 91' lang='lat' dir='ltr'>quod</span> <span class='ocrx_word' id='word_1_71' title='bbox 1201 920 1256 951; x_wconf 87' lang='lat' dir='ltr'>ex</span> <span class='ocrx_word' id='word_1_72' title='bbox 1283 909 1454 963; x_wconf 86' lang='lat' dir='ltr'>optimis</span> <span class='ocrx_word' id='word_1_73' title='bbox 1491 913 1535 952; x_wconf 91' lang='lat' dir='ltr'>et</span> <span class='ocrx_word' id='word_1_74' title='bbox 1558 907 1752 964; x_wconf 78' lang='lat' dir='ltr'>plurimis</span> <span class='ocrx_word' id='word_1_75' title='bbox 1779 908 1906 950; x_wconf 84' lang='lat' dir='ltr'>codd.</span> 
     </span>
    </p>
   </div>
   <div class='ocr_carea' id='block_1_10' title="bbox 230 966 629 1008">
    <p class='ocr_par' dir='ltr' id='par_1_10' title="bbox 230 966 629 1008">
     <span class='ocr_line' id='line_1_12' title="bbox 230 966 629 1008; baseline -0.01 0"><span class='ocrx_word' id='word_1_76' title='bbox 230 966 273 1008; x_wconf 78' lang='lat' dir='ltr'>in</span> <span class='ocrx_word' id='word_1_77' title='bbox 302 970 379 1007; x_wconf 76' lang='grc' dir='ltr'><strong>ποῖ</strong></span> <span class='ocrx_word' id='word_1_78' title='bbox 405 969 629 1008; x_wconf 87' lang='lat' dir='ltr'>mutatum.</span> 
     </span>
    </p>
   </div>
   <div class='ocr_carea' id='block_1_11' title="bbox 233 1101 1038 3370">
    <p class='ocr_par' dir='ltr' id='par_1_11' title="bbox 233 1101 1038 3370">
     <span class='ocr_line' id='line_1_13' title="bbox 233 1101 1025 1157; baseline 0.003 -12"><span class='ocrx_word' id='word_1_79' title='bbox 233 1107 317 1155; x_wconf 83' lang='lat' dir='ltr'>tur,</span> <span class='ocrx_word' id='word_1_80' title='bbox 349 1101 573 1156; x_wconf 72' lang='lat' dir='ltr'>diligenter</span> <span class='ocrx_word' id='word_1_81' title='bbox 602 1103 914 1147; x_wconf 80' lang='lat' dir='ltr'>observandum</span> <span class='ocrx_word' id='word_1_82' title='bbox 945 1110 1025 1157; x_wconf 80' lang='lat' dir='ltr'>est,</span> 
     </span>
     <span class='ocr_line' id='line_1_14' title="bbox 233 1160 1029 1216; baseline 0 -13"><span class='ocrx_word' id='word_1_83' title='bbox 233 1161 464 1203; x_wconf 85' lang='lat' dir='ltr'><strong>Platonem</strong></span> <span class='ocrx_word' id='word_1_84' title='bbox 498 1160 540 1202; x_wconf 86' lang='lat' dir='ltr'>in</span> <span class='ocrx_word' id='word_1_85' title='bbox 567 1173 620 1202; x_wconf 88' lang='lat' dir='ltr'>ea</span> <span class='ocrx_word' id='word_1_86' title='bbox 655 1162 903 1216; x_wconf 85' lang='lat' dir='ltr'>explicanda</span> <span class='ocrx_word' id='word_1_87' title='bbox 932 1175 1029 1204; x_wconf 79' lang='lat' dir='ltr'>ver-</span> 
     </span>
     <span class='ocr_line' id='line_1_15' title="bbox 236 1217 1030 1272; baseline 0.004 -14"><span class='ocrx_word' id='word_1_88' title='bbox 236 1217 325 1259; x_wconf 86' lang='lat' dir='ltr'>sari</span> <span class='ocrx_word' id='word_1_89' title='bbox 353 1217 440 1268; x_wconf 80' lang='lat' dir='ltr'>sic,</span> <span class='ocrx_word' id='word_1_90' title='bbox 469 1221 518 1258; x_wconf 90' lang='lat' dir='ltr'>ut</span> <span class='ocrx_word' id='word_1_91' title='bbox 547 1218 727 1271; x_wconf 90' lang='lat' dir='ltr'>primum</span> <span class='ocrx_word' id='word_1_92' title='bbox 757 1232 929 1270; x_wconf 86' lang='lat' dir='ltr'>eorum,</span> <span class='ocrx_word' id='word_1_93' title='bbox 959 1219 1030 1272; x_wconf 87' lang='lat' dir='ltr'>qui</span> 
     </span>
     <span class='ocr_line' id='line_1_16' title="bbox 234 1269 1031 1330; baseline 0.003 -15"><span class='ocrx_word' id='word_1_94' title='bbox 234 1275 287 1315; x_wconf 77' lang='grc' dir='ltr'><em>τό</em></span> <span class='ocrx_word' id='word_1_95' title='bbox 322 1269 381 1330; x_wconf 70' lang='grc' dir='ltr'>μὴ</span> <span class='ocrx_word' id='word_1_96' title='bbox 416 1272 469 1314; x_wconf 83' lang='grc' dir='ltr'>ὅν</span> <span class='ocrx_word' id='word_1_97' title='bbox 505 1275 737 1328; x_wconf 85' lang='lat' dir='ltr'>tollebant,</span> <span class='ocrx_word' id='word_1_98' title='bbox 777 1276 1031 1317; x_wconf 85' lang='lat' dir='ltr'>sententiam</span> 
     </span>
     <span class='ocr_line' id='line_1_17' title="bbox 236 1331 1032 1386; baseline -0.001 -12"><span class='ocrx_word' id='word_1_99' title='bbox 236 1334 423 1386; x_wconf 84' lang='lat' dir='ltr'>exponat</span> <span class='ocrx_word' id='word_1_100' title='bbox 463 1335 507 1373; x_wconf 87' lang='lat' dir='ltr'>et</span> <span class='ocrx_word' id='word_1_101' title='bbox 543 1331 643 1384; x_wconf 90' lang='lat' dir='ltr'>quid</span> <span class='ocrx_word' id='word_1_102' title='bbox 679 1331 778 1374; x_wconf 87' lang='lat' dir='ltr'>inde</span> <span class='ocrx_word' id='word_1_103' title='bbox 828 1331 1032 1384; x_wconf 84' lang='lat' dir='ltr'>consequi</span> 
     </span>
     <span class='ocr_line' id='line_1_18' title="bbox 237 1387 1032 1442; baseline 0.001 -13"><span class='ocrx_word' id='word_1_104' title='bbox 237 1387 461 1430; x_wconf 84' lang='lat' dir='ltr'>dicendum</span> <span class='ocrx_word' id='word_1_105' title='bbox 490 1388 544 1429; x_wconf 81' lang='lat' dir='ltr'>sit</span> <span class='ocrx_word' id='word_1_106' title='bbox 574 1389 791 1441; x_wconf 80' lang='lat' dir='ltr'>exquirat,</span> <span class='ocrx_word' id='word_1_107' title='bbox 829 1401 915 1442; x_wconf 89' lang='lat' dir='ltr'>quo</span> <span class='ocrx_word' id='word_1_108' title='bbox 944 1390 1032 1430; x_wconf 84' lang='lat' dir='ltr'>cla-</span> 
     </span>
     <span class='ocr_line' id='line_1_19' title="bbox 236 1445 1033 1498; baseline 0 -11"><span class='ocrx_word' id='word_1_109' title='bbox 236 1445 323 1487; x_wconf 86' lang='lat' dir='ltr'>rius</span> <span class='ocrx_word' id='word_1_110' title='bbox 361 1449 589 1498; x_wconf 80' lang='lat' dir='ltr'>appareat,</span> <span class='ocrx_word' id='word_1_111' title='bbox 640 1450 819 1498; x_wconf 82' lang='lat' dir='ltr'>quantas</span> <span class='ocrx_word' id='word_1_112' title='bbox 858 1458 911 1487; x_wconf 88' lang='lat' dir='ltr'>ea</span> <span class='ocrx_word' id='word_1_113' title='bbox 958 1445 1033 1487; x_wconf 73' lang='lat' dir='ltr'>lla-</span> 
     </span>
     <span class='ocr_line' id='line_1_20' title="bbox 236 1501 1033 1553; baseline -0.001 -9"><span class='ocrx_word' id='word_1_114' title='bbox 236 1503 339 1544; x_wconf 88' lang='lat' dir='ltr'>beat</span> <span class='ocrx_word' id='word_1_115' title='bbox 367 1501 657 1553; x_wconf 80' lang='lat' dir='ltr'>difficultates3</span> <span class='ocrx_word' id='word_1_116' title='bbox 688 1501 841 1543; x_wconf 90' lang='lat' dir='ltr'>deinde</span> <span class='ocrx_word' id='word_1_117' title='bbox 869 1509 1033 1553; x_wconf 88' lang='lat' dir='ltr'>autem,</span> 
     </span>
     <span class='ocr_line' id='line_1_21' title="bbox 237 1557 1035 1611; baseline 0.003 -13"><span class='ocrx_word' id='word_1_118' title='bbox 237 1557 338 1611; x_wconf 90' lang='lat' dir='ltr'>quid</span> <span class='ocrx_word' id='word_1_119' title='bbox 367 1562 515 1599; x_wconf 87' lang='lat' dir='ltr'>contra</span> <span class='ocrx_word' id='word_1_120' title='bbox 543 1558 808 1600; x_wconf 86' lang='lat' dir='ltr'>Parmenidis</span> <span class='ocrx_word' id='word_1_121' title='bbox 838 1557 892 1600; x_wconf 87' lang='lat' dir='ltr'>de</span> <span class='ocrx_word' id='word_1_122' title='bbox 922 1559 1035 1600; x_wconf 84' lang='lat' dir='ltr'>Ente</span> 
     </span>
     <span class='ocr_line' id='line_1_22' title="bbox 237 1614 1035 1669; baseline -0.001 -12"><span class='ocrx_word' id='word_1_123' title='bbox 237 1615 483 1669; x_wconf 76' lang='lat' dir='ltr'>opinionem</span> <span class='ocrx_word' id='word_1_124' title='bbox 511 1614 719 1669; x_wconf 86' lang='lat' dir='ltr'>disputari</span> <span class='ocrx_word' id='word_1_125' title='bbox 759 1615 921 1668; x_wconf 83' lang='lat' dir='ltr'>possit,</span> <span class='ocrx_word' id='word_1_126' title='bbox 958 1628 1035 1656; x_wconf 84' lang='lat' dir='ltr'>sua</span> 
     </span>
     <span class='ocr_line' id='line_1_23' title="bbox 237 1672 1035 1726; baseline -0.001 -12"><span class='ocrx_word' id='word_1_127' title='bbox 237 1673 369 1726; x_wconf 86' lang='lat' dir='ltr'>ipsius</span> <span class='ocrx_word' id='word_1_128' title='bbox 403 1672 570 1713; x_wconf 90' lang='lat' dir='ltr'>ratione</span> <span class='ocrx_word' id='word_1_129' title='bbox 613 1673 656 1713; x_wconf 89' lang='lat' dir='ltr'>in</span> <span class='ocrx_word' id='word_1_130' title='bbox 686 1672 873 1714; x_wconf 89' lang='lat' dir='ltr'>medium</span> <span class='ocrx_word' id='word_1_131' title='bbox 902 1673 1035 1714; x_wconf 88' lang='lat' dir='ltr'>allata</span> 
     </span>
     <span class='ocr_line' id='line_1_24' title="bbox 239 1727 1034 1771; baseline 0.001 -1"><span class='ocrx_word' id='word_1_132' title='bbox 239 1729 409 1770; x_wconf 81' lang='lat' dir='ltr'>doceat.</span> <span class='ocrx_word' id='word_1_133' title='bbox 468 1728 556 1770; x_wconf 88' lang='lat' dir='ltr'>Sed</span> <span class='ocrx_word' id='word_1_134' title='bbox 576 1727 679 1770; x_wconf 82' lang='lat' dir='ltr'>haec</span> <span class='ocrx_word' id='word_1_135' title='bbox 708 1730 750 1770; x_wconf 89' lang='lat' dir='ltr'>in</span> <span class='ocrx_word' id='word_1_136' title='bbox 780 1729 1034 1771; x_wconf 76' lang='lat' dir='ltr'>universum.</span> 
     </span>
     <span class='ocr_line' id='line_1_25' title="bbox 238 1784 1035 1840; baseline -0.001 -12"><span class='ocrx_word' id='word_1_137' title='bbox 238 1785 360 1829; x_wconf 84' lang='lat' dir='ltr'>Nunc</span> <span class='ocrx_word' id='word_1_138' title='bbox 414 1784 635 1827; x_wconf 84' lang='lat' dir='ltr'>videamus</span> <span class='ocrx_word' id='word_1_139' title='bbox 693 1785 747 1827; x_wconf 88' lang='lat' dir='ltr'>de</span> <span class='ocrx_word' id='word_1_140' title='bbox 794 1799 847 1829; x_wconf 83' lang='lat' dir='ltr'>ea</span> <span class='ocrx_word' id='word_1_141' title='bbox 892 1790 1035 1840; x_wconf 88' lang='lat' dir='ltr'>parte,</span> 
     </span>
     <span class='ocr_line' id='line_1_26' title="bbox 237 1841 1038 1898; baseline 0 -14"><span class='ocrx_word' id='word_1_142' title='bbox 237 1855 351 1897; x_wconf 86' lang='lat' dir='ltr'>quae</span> <span class='ocrx_word' id='word_1_143' title='bbox 389 1843 584 1898; x_wconf 83' lang='lat' dir='ltr'>proxime</span> <span class='ocrx_word' id='word_1_144' title='bbox 625 1843 824 1895; x_wconf 88' lang='lat' dir='ltr'>sequitur.</span> <span class='ocrx_word' id='word_1_145' title='bbox 880 1842 939 1884; x_wconf 88' lang='lat' dir='ltr'>Et</span> <span class='ocrx_word' id='word_1_146' title='bbox 971 1841 1038 1884; x_wconf 85' lang='lat' dir='ltr'>hic</span> 
     </span>
     <span class='ocr_line' id='line_1_27' title="bbox 237 1898 1037 1954; baseline -0.001 -13"><span class='ocrx_word' id='word_1_147' title='bbox 237 1898 409 1954; x_wconf 85' lang='lat' dir='ltr'>quidem</span> <span class='ocrx_word' id='word_1_148' title='bbox 437 1899 707 1954; x_wconf 85' lang='lat' dir='ltr'>philosophus</span> <span class='ocrx_word' id='word_1_149' title='bbox 724 1899 903 1954; x_wconf 84' lang='lat' dir='ltr'>primum</span> <span class='ocrx_word' id='word_1_150' title='bbox 927 1899 1037 1940; x_wconf 88' lang='lat' dir='ltr'>Par-</span> 
     </span>
     <span class='ocr_line' id='line_1_28' title="bbox 239 1956 1038 2010; baseline -0.001 -11"><span class='ocrx_word' id='word_1_151' title='bbox 239 1956 419 1999; x_wconf 84' lang='lat' dir='ltr'>menidis</span> <span class='ocrx_word' id='word_1_152' title='bbox 458 1957 711 1999; x_wconf 87' lang='lat' dir='ltr'>sententiam</span> <span class='ocrx_word' id='word_1_153' title='bbox 740 1957 802 1998; x_wconf 91' lang='lat' dir='ltr'>sic</span> <span class='ocrx_word' id='word_1_154' title='bbox 830 1957 1038 2010; x_wconf 83' lang='lat' dir='ltr'>interpre-</span> 
     </span>
     <span class='ocr_line' id='line_1_29' title="bbox 238 2018 1036 2065; baseline -0.001 -10"><span class='ocrx_word' id='word_1_155' title='bbox 238 2018 380 2065; x_wconf 81' lang='lat' dir='ltr'><strong>tatur,</strong></span> <span class='ocrx_word' id='word_1_156' title='bbox 427 2018 476 2054; x_wconf 89' lang='lat' dir='ltr'>ut</span> <span class='ocrx_word' id='word_1_157' title='bbox 507 2026 603 2056; x_wconf 90' lang='lat' dir='ltr'>eum</span> <span class='ocrx_word' id='word_1_158' title='bbox 633 2018 808 2056; x_wconf 91' lang='lat' dir='ltr'>moneat</span> <span class='ocrx_word' id='word_1_159' title='bbox 834 2025 1036 2055; x_wconf 85' lang='lat' dir='ltr'>necessa-</span> 
     </span>
     <span class='ocr_line' id='line_1_30' title="bbox 236 2070 1038 2123; baseline -0.004 -10"><span class='ocrx_word' id='word_1_160' title='bbox 236 2071 300 2113; x_wconf 87' lang='lat' dir='ltr'>rio</span> <span class='ocrx_word' id='word_1_161' title='bbox 322 2074 509 2115; x_wconf 76' lang='lat' dir='ltr'>statuere</span> <span class='ocrx_word' id='word_1_162' title='bbox 532 2070 744 2122; x_wconf 89' lang='lat' dir='ltr'>debuisse,</span> <span class='ocrx_word' id='word_1_163' title='bbox 774 2070 901 2111; x_wconf 87' lang='lat' dir='ltr'>rebus</span> <span class='ocrx_word' id='word_1_164' title='bbox 927 2083 1038 2123; x_wconf 85' lang='lat' dir='ltr'>quae</span> 
     </span>
     <span class='ocr_line' id='line_1_31' title="bbox 239 2126 1034 2180; baseline 0 -12"><span class='ocrx_word' id='word_1_165' title='bbox 239 2129 324 2169; x_wconf 85' lang='lat' dir='ltr'>sint</span> <span class='ocrx_word' id='word_1_166' title='bbox 351 2139 436 2168; x_wconf 90' lang='lat' dir='ltr'>non</span> <span class='ocrx_word' id='word_1_167' title='bbox 466 2127 510 2168; x_wconf 90' lang='lat' dir='ltr'>id</span> <span class='ocrx_word' id='word_1_168' title='bbox 546 2141 677 2180; x_wconf 86' lang='lat' dir='ltr'>posse</span> <span class='ocrx_word' id='word_1_169' title='bbox 706 2126 878 2169; x_wconf 83' lang='lat' dir='ltr'>attribui</span> <span class='ocrx_word' id='word_1_170' title='bbox 918 2126 1034 2180; x_wconf 90' lang='lat' dir='ltr'>quod</span> 
     </span>
     <span class='ocr_line' id='line_1_32' title="bbox 234 2183 1032 2237; baseline -0.004 -11"><span class='ocrx_word' id='word_1_171' title='bbox 234 2197 321 2226; x_wconf 85' lang='lat' dir='ltr'>non</span> <span class='ocrx_word' id='word_1_172' title='bbox 351 2184 424 2234; x_wconf 82' lang='lat' dir='ltr'>sit3</span> <span class='ocrx_word' id='word_1_173' title='bbox 456 2183 544 2225; x_wconf 89' lang='lat' dir='ltr'>sive</span> <span class='ocrx_word' id='word_1_174' title='bbox 571 2183 772 2237; x_wconf 89' lang='lat' dir='ltr'>quidquid</span> <span class='ocrx_word' id='word_1_175' title='bbox 801 2184 856 2226; x_wconf 87' lang='lat' dir='ltr'>ad</span> <span class='ocrx_word' id='word_1_176' title='bbox 886 2196 1032 2225; x_wconf 88' lang='lat' dir='ltr'>essen-</span> 
     </span>
     <span class='ocr_line' id='line_1_33' title="bbox 235 2240 1032 2293; baseline -0.001 -11"><span class='ocrx_word' id='word_1_177' title='bbox 235 2242 340 2282; x_wconf 79' lang='lat' dir='ltr'>tiam</span> <span class='ocrx_word' id='word_1_178' title='bbox 393 2241 632 2293; x_wconf 79' lang='lat' dir='ltr'>referatur,</span> <span class='ocrx_word' id='word_1_179' title='bbox 687 2240 732 2282; x_wconf 93' lang='lat' dir='ltr'>id</span> <span class='ocrx_word' id='word_1_180' title='bbox 791 2244 927 2290; x_wconf 83' lang='lat' dir='ltr'>totum</span> <span class='ocrx_word' id='word_1_181' title='bbox 979 2241 1032 2281; x_wconf 90' lang='lat' dir='ltr'>ab</span> 
     </span>
     <span class='ocr_line' id='line_1_34' title="bbox 237 2297 1033 2349; baseline -0.005 -8"><span class='ocrx_word' id='word_1_182' title='bbox 237 2298 475 2341; x_wconf 84' lang='lat' dir='ltr'>Non-ente</span> <span class='ocrx_word' id='word_1_183' title='bbox 510 2297 748 2339; x_wconf 83' lang='lat' dir='ltr'>seiunctum</span> <span class='ocrx_word' id='word_1_184' title='bbox 781 2311 878 2339; x_wconf 90' lang='lat' dir='ltr'>esse</span> <span class='ocrx_word' id='word_1_185' title='bbox 907 2301 1033 2349; x_wconf 90' lang='lat' dir='ltr'>atque</span> 
     </span>
     <span class='ocr_line' id='line_1_35' title="bbox 238 2354 1034 2408; baseline -0.003 -13"><span class='ocrx_word' id='word_1_186' title='bbox 238 2354 445 2407; x_wconf 76' lang='lat' dir='ltr'>alienum3</span> <span class='ocrx_word' id='word_1_187' title='bbox 482 2358 704 2408; x_wconf 82' lang='lat' dir='ltr'>praeterea</span> <span class='ocrx_word' id='word_1_188' title='bbox 751 2367 849 2395; x_wconf 91' lang='lat' dir='ltr'>eum</span> <span class='ocrx_word' id='word_1_189' title='bbox 887 2358 1034 2395; x_wconf 84' lang='lat' dir='ltr'>censet</span> 
     </span>
     <span class='ocr_line' id='line_1_36' title="bbox 240 2409 1033 2461; baseline -0.001 -10"><span class='ocrx_word' id='word_1_190' title='bbox 240 2410 370 2452; x_wconf 86' lang='lat' dir='ltr'>etiam</span> <span class='ocrx_word' id='word_1_191' title='bbox 401 2409 482 2450; x_wconf 78' lang='lat' dir='ltr'>boc</span> <span class='ocrx_word' id='word_1_192' title='bbox 510 2414 716 2461; x_wconf 73' lang='lat' dir='ltr'>statuere,</span> <span class='ocrx_word' id='word_1_193' title='bbox 745 2410 960 2451; x_wconf 86' lang='lat' dir='ltr'>Non-ens</span> <span class='ocrx_word' id='word_1_194' title='bbox 983 2410 1033 2450; x_wconf 90' lang='lat' dir='ltr'>il-</span> 
     </span>
     <span class='ocr_line' id='line_1_37' title="bbox 237 2466 1033 2519; baseline -0.003 -11"><span class='ocrx_word' id='word_1_195' title='bbox 237 2467 310 2508; x_wconf 81' lang='lat' dir='ltr'>lud</span> <span class='ocrx_word' id='word_1_196' title='bbox 340 2479 420 2508; x_wconf 84' lang='lat' dir='ltr'>nec</span> <span class='ocrx_word' id='word_1_197' title='bbox 449 2480 546 2508; x_wconf 87' lang='lat' dir='ltr'>esse</span> <span class='ocrx_word' id='word_1_198' title='bbox 573 2471 647 2507; x_wconf 83' lang='lat' dir='ltr'>aut</span> <span class='ocrx_word' id='word_1_199' title='bbox 670 2467 750 2508; x_wconf 82' lang='lat' dir='ltr'>diei</span> <span class='ocrx_word' id='word_1_200' title='bbox 781 2479 910 2519; x_wconf 86' lang='lat' dir='ltr'>posse</span> <span class='ocrx_word' id='word_1_201' title='bbox 941 2466 1033 2507; x_wconf 85' lang='lat' dir='ltr'>ali-</span> 
     </span>
     <span class='ocr_line' id='line_1_38' title="bbox 238 2522 1033 2577; baseline -0.003 -13"><span class='ocrx_word' id='word_1_202' title='bbox 238 2523 386 2577; x_wconf 85' lang='lat' dir='ltr'>quid,</span> <span class='ocrx_word' id='word_1_203' title='bbox 431 2523 637 2575; x_wconf 86' lang='lat' dir='ltr'>siquidem</span> <span class='ocrx_word' id='word_1_204' title='bbox 666 2523 736 2576; x_wconf 86' lang='lat' dir='ltr'>qui</span> <span class='ocrx_word' id='word_1_205' title='bbox 763 2535 846 2564; x_wconf 90' lang='lat' dir='ltr'>non</span> <span class='ocrx_word' id='word_1_206' title='bbox 877 2522 1033 2575; x_wconf 87' lang='lat' dir='ltr'>aliquid</span> 
     </span>
     <span class='ocr_line' id='line_1_39' title="bbox 239 2577 1033 2633; baseline 0 -13"><span class='ocrx_word' id='word_1_207' title='bbox 239 2580 402 2633; x_wconf 83' lang='lat' dir='ltr'>cogitet</span> <span class='ocrx_word' id='word_1_208' title='bbox 456 2585 530 2620; x_wconf 84' lang='lat' dir='ltr'>aut</span> <span class='ocrx_word' id='word_1_209' title='bbox 576 2582 798 2632; x_wconf 77' lang='lat' dir='ltr'>loquatur,</span> <span class='ocrx_word' id='word_1_210' title='bbox 846 2579 881 2620; x_wconf 87' lang='lat' dir='ltr'>is</span> <span class='ocrx_word' id='word_1_211' title='bbox 934 2577 1033 2620; x_wconf 85' lang='lat' dir='ltr'>nihil</span> 
     </span>
     <span class='ocr_line' id='line_1_40' title="bbox 239 2635 1032 2691; baseline -0.001 -14"><span class='ocrx_word' id='word_1_212' title='bbox 239 2638 364 2691; x_wconf 85' lang='lat' dir='ltr'>plane</span> <span class='ocrx_word' id='word_1_213' title='bbox 405 2637 596 2689; x_wconf 83' lang='lat' dir='ltr'>cogitare</span> <span class='ocrx_word' id='word_1_214' title='bbox 643 2641 686 2677; x_wconf 86' lang='lat' dir='ltr'>et</span> <span class='ocrx_word' id='word_1_215' title='bbox 733 2637 847 2689; x_wconf 88' lang='lat' dir='ltr'>loqui</span> <span class='ocrx_word' id='word_1_216' title='bbox 889 2635 1032 2676; x_wconf 83' lang='lat' dir='ltr'>existi-</span> 
     </span>
     <span class='ocr_line' id='line_1_41' title="bbox 237 2692 1032 2746; baseline -0.005 -10"><span class='ocrx_word' id='word_1_217' title='bbox 237 2693 418 2736; x_wconf 85' lang='lat' dir='ltr'>mandus</span> <span class='ocrx_word' id='word_1_218' title='bbox 465 2693 531 2735; x_wconf 87' lang='lat' dir='ltr'>sit.</span> <span class='ocrx_word' id='word_1_219' title='bbox 602 2692 671 2735; x_wconf 84' lang='lat' dir='ltr'>Ex</span> <span class='ocrx_word' id='word_1_220' title='bbox 708 2705 791 2746; x_wconf 88' lang='lat' dir='ltr'>quo</span> <span class='ocrx_word' id='word_1_221' title='bbox 831 2692 1032 2745; x_wconf 86' lang='lat' dir='ltr'>consequi</span> 
     </span>
     <span class='ocr_line' id='line_1_42' title="bbox 238 2749 1031 2803; baseline -0.001 -12"><span class='ocrx_word' id='word_1_222' title='bbox 238 2751 349 2802; x_wconf 80' lang='lat' dir='ltr'>vult,</span> <span class='ocrx_word' id='word_1_223' title='bbox 389 2750 605 2792; x_wconf 88' lang='lat' dir='ltr'>Non-ens</span> <span class='ocrx_word' id='word_1_224' title='bbox 649 2749 823 2798; x_wconf 73' lang='lat' dir='ltr'>ne,dici</span> <span class='ocrx_word' id='word_1_225' title='bbox 863 2749 1031 2803; x_wconf 86' lang='lat' dir='ltr'>quidem</span> 
     </span>
     <span class='ocr_line' id='line_1_43' title="bbox 237 2806 1029 2860; baseline 0 -11"><span class='ocrx_word' id='word_1_226' title='bbox 237 2809 327 2849; x_wconf 85' lang='lat' dir='ltr'>ullo</span> <span class='ocrx_word' id='word_1_227' title='bbox 366 2806 497 2849; x_wconf 87' lang='lat' dir='ltr'>modo</span> <span class='ocrx_word' id='word_1_228' title='bbox 536 2810 609 2847; x_wconf 85' lang='lat' dir='ltr'>aut</span> <span class='ocrx_word' id='word_1_229' title='bbox 643 2807 848 2848; x_wconf 89' lang='lat' dir='ltr'>enuntiari</span> <span class='ocrx_word' id='word_1_230' title='bbox 887 2819 1029 2860; x_wconf 85' lang='lat' dir='ltr'>posse.</span> 
     </span>
     <span class='ocr_line' id='line_1_44' title="bbox 238 2863 1033 2916; baseline -0.001 -11"><span class='ocrx_word' id='word_1_231' title='bbox 238 2863 321 2906; x_wconf 87' lang='lat' dir='ltr'>His</span> <span class='ocrx_word' id='word_1_232' title='bbox 359 2863 476 2905; x_wconf 81' lang='lat' dir='ltr'>addit</span> <span class='ocrx_word' id='word_1_233' title='bbox 515 2863 641 2904; x_wconf 87' lang='lat' dir='ltr'>etiam</span> <span class='ocrx_word' id='word_1_234' title='bbox 670 2864 761 2907; x_wconf 88' lang='lat' dir='ltr'>alia.</span> <span class='ocrx_word' id='word_1_235' title='bbox 822 2863 931 2910; x_wconf 88' lang='lat' dir='ltr'>Nam</span> <span class='ocrx_word' id='word_1_236' title='bbox 961 2864 1033 2916; x_wconf 86' lang='lat' dir='ltr'>qui</span> 
     </span>
     <span class='ocr_line' id='line_1_45' title="bbox 238 2920 1031 2970; baseline -0.003 -7"><span class='ocrx_word' id='word_1_237' title='bbox 238 2920 452 2963; x_wconf 83' lang='lat' dir='ltr'>Non-ens</span> <span class='ocrx_word' id='word_1_238' title='bbox 486 2921 661 2970; x_wconf 87' lang='lat' dir='ltr'>tollant,</span> <span class='ocrx_word' id='word_1_239' title='bbox 711 2934 787 2962; x_wconf 89' lang='lat' dir='ltr'>eos</span> <span class='ocrx_word' id='word_1_240' title='bbox 820 2921 921 2961; x_wconf 87' lang='lat' dir='ltr'>item</span> <span class='ocrx_word' id='word_1_241' title='bbox 953 2920 1031 2961; x_wconf 81' lang='lat' dir='ltr'>do-</span> 
     </span>
     <span class='ocr_line' id='line_1_46' title="bbox 237 2976 1030 3028; baseline 0.001 -11"><span class='ocrx_word' id='word_1_242' title='bbox 237 2989 335 3018; x_wconf 79' lang='lat' dir='ltr'>cere</span> <span class='ocrx_word' id='word_1_243' title='bbox 365 2977 423 3018; x_wconf 80' lang='lat' dir='ltr'>ait</span> <span class='ocrx_word' id='word_1_244' title='bbox 456 2981 499 3018; x_wconf 90' lang='lat' dir='ltr'>et</span> <span class='ocrx_word' id='word_1_245' title='bbox 529 2976 766 3028; x_wconf 83' lang='lat' dir='ltr'>affirmare,</span> <span class='ocrx_word' id='word_1_246' title='bbox 806 2977 929 3018; x_wconf 86' lang='lat' dir='ltr'>aliam</span> <span class='ocrx_word' id='word_1_247' title='bbox 961 2990 1030 3018; x_wconf 83' lang='lat' dir='ltr'>es-</span> 
     </span>
     <span class='ocr_line' id='line_1_47' title="bbox 236 3033 1030 3087; baseline 0.001 -14"><span class='ocrx_word' id='word_1_248' title='bbox 236 3034 414 3075; x_wconf 79' lang='lat' dir='ltr'>sentiam</span> <span class='ocrx_word' id='word_1_249' title='bbox 452 3034 692 3087; x_wconf 86' lang='lat' dir='ltr'>neutiquam</span> <span class='ocrx_word' id='word_1_250' title='bbox 725 3033 765 3074; x_wconf 91' lang='lat' dir='ltr'>in</span> <span class='ocrx_word' id='word_1_251' title='bbox 795 3033 895 3074; x_wconf 91' lang='lat' dir='ltr'>illud</span> <span class='ocrx_word' id='word_1_252' title='bbox 928 3046 1030 3074; x_wconf 88' lang='lat' dir='ltr'>con-</span> 
     </span>
     <span class='ocr_line' id='line_1_48' title="bbox 236 3089 1033 3144; baseline 0.003 -14"><span class='ocrx_word' id='word_1_253' title='bbox 236 3091 396 3141; x_wconf 81' lang='lat' dir='ltr'>venire,</span> <span class='ocrx_word' id='word_1_254' title='bbox 422 3091 561 3143; x_wconf 87' lang='lat' dir='ltr'>qualis</span> <span class='ocrx_word' id='word_1_255' title='bbox 583 3089 697 3141; x_wconf 73' lang='lat' dir='ltr'>Emi,</span> <span class='ocrx_word' id='word_1_256' title='bbox 730 3090 819 3131; x_wconf 89' lang='lat' dir='ltr'>sive</span> <span class='ocrx_word' id='word_1_257' title='bbox 849 3090 888 3131; x_wconf 89' lang='lat' dir='ltr'>ei</span> <span class='ocrx_word' id='word_1_258' title='bbox 918 3091 1033 3144; x_wconf 90' lang='lat' dir='ltr'>quod</span> 
     </span>
     <span class='ocr_line' id='line_1_49' title="bbox 237 3146 1030 3199; baseline 0 -13"><span class='ocrx_word' id='word_1_259' title='bbox 237 3150 326 3196; x_wconf 81' lang='lat' dir='ltr'>est,</span> <span class='ocrx_word' id='word_1_260' title='bbox 364 3147 512 3199; x_wconf 84' lang='lat' dir='ltr'>utique</span> <span class='ocrx_word' id='word_1_261' title='bbox 542 3147 792 3196; x_wconf 82' lang='lat' dir='ltr'>conveniat3</span> <span class='ocrx_word' id='word_1_262' title='bbox 836 3146 918 3188; x_wconf 85' lang='lat' dir='ltr'>hoc</span> <span class='ocrx_word' id='word_1_263' title='bbox 949 3153 1030 3199; x_wconf 86' lang='lat' dir='ltr'>est,</span> 
     </span>
     <span class='ocr_line' id='line_1_50' title="bbox 235 3200 1029 3257; baseline 0.004 -15"><span class='ocrx_word' id='word_1_264' title='bbox 235 3200 362 3242; x_wconf 85' lang='lat' dir='ltr'>Non-</span> <span class='ocrx_word' id='word_1_265' title='bbox 375 3205 482 3243; x_wconf 82' lang='lat' dir='ltr'>entis</span> <span class='ocrx_word' id='word_1_266' title='bbox 512 3204 626 3244; x_wconf 87' lang='lat' dir='ltr'>nulla</span> <span class='ocrx_word' id='word_1_267' title='bbox 656 3203 827 3245; x_wconf 88' lang='lat' dir='ltr'>omnino</span> <span class='ocrx_word' id='word_1_268' title='bbox 858 3203 1029 3257; x_wconf 84' lang='lat' dir='ltr'>praedi-</span> 
     </span>
     <span class='ocr_line' id='line_1_51' title="bbox 234 3259 1031 3313; baseline 0.005 -16"><span class='ocrx_word' id='word_1_269' title='bbox 234 3263 331 3298; x_wconf 77' lang='lat' dir='ltr'>cata</span> <span class='ocrx_word' id='word_1_270' title='bbox 359 3271 469 3309; x_wconf 83' lang='lat' dir='ltr'>esse,</span> <span class='ocrx_word' id='word_1_271' title='bbox 501 3259 710 3311; x_wconf 84' lang='lat' dir='ltr'>siquidem</span> <span class='ocrx_word' id='word_1_272' title='bbox 739 3271 903 3309; x_wconf 75' lang='lat' dir='ltr'>eorum,</span> <span class='ocrx_word' id='word_1_273' title='bbox 923 3272 1031 3313; x_wconf 85' lang='lat' dir='ltr'>quae</span> 
     </span>
     <span class='ocr_line' id='line_1_52' title="bbox 235 3314 1030 3370; baseline 0.004 -16"><span class='ocrx_word' id='word_1_274' title='bbox 235 3318 352 3364; x_wconf 77' lang='lat' dir='ltr'>sunt,</span> <span class='ocrx_word' id='word_1_275' title='bbox 402 3314 497 3355; x_wconf 86' lang='lat' dir='ltr'>nihil</span> <span class='ocrx_word' id='word_1_276' title='bbox 546 3315 774 3368; x_wconf 79' lang='lat' dir='ltr'>quidquam</span> <span class='ocrx_word' id='word_1_277' title='bbox 816 3316 855 3357; x_wconf 90' lang='lat' dir='ltr'>ei</span> <span class='ocrx_word' id='word_1_278' title='bbox 893 3316 1030 3370; x_wconf 85' lang='lat' dir='ltr'>possit</span> 
     </span>
    </p>
   </div>
   <div class='ocr_carea' id='block_1_12' title="bbox 232 3369 1049 3425">
    <p class='ocr_par' dir='ltr' id='par_1_12' title="bbox 232 3369 1049 3425">
     <span class='ocr_line' id='line_1_53' title="bbox 232 3369 1049 3425; baseline 0.002 -13"><span class='ocrx_word' id='word_1_279' title='bbox 232 3369 418 3412; x_wconf 76' lang='lat' dir='ltr'>attribui.</span> <span class='ocrx_word' id='word_1_280' title='bbox 474 3370 542 3417; x_wconf 85' lang='lat' dir='ltr'>Ex</span> <span class='ocrx_word' id='word_1_281' title='bbox 580 3382 664 3424; x_wconf 87' lang='lat' dir='ltr'>quo</span> <span class='ocrx_word' id='word_1_282' title='bbox 708 3371 913 3425; x_wconf 82' lang='lat' dir='ltr'>efficitur,</span> <span class='ocrx_word' id='word_1_283' title='bbox 949 3382 1049 3416; x_wconf 66' lang='lat' dir='ltr'>nee‘</span> 
     </span>
    </p>
   </div>
   <div class='ocr_carea' id='block_1_13' title="bbox 1111 1105 1938 2749">
    <p class='ocr_par' dir='ltr' id='par_1_13' title="bbox 1111 1105 1938 2393">
     <span class='ocr_line' id='line_1_54' title="bbox 1111 1105 1908 1149; baseline 0 -1"><span class='ocrx_word' id='word_1_284' title='bbox 1111 1115 1333 1149; x_wconf 83' lang='lat' dir='ltr'>numerum</span> <span class='ocrx_word' id='word_1_285' title='bbox 1361 1106 1403 1148; x_wconf 84' lang='lat' dir='ltr'>in</span> <span class='ocrx_word' id='word_1_286' title='bbox 1431 1105 1535 1149; x_wconf 89' lang='lat' dir='ltr'>illud</span> <span class='ocrx_word' id='word_1_287' title='bbox 1562 1105 1774 1149; x_wconf 87' lang='lat' dir='ltr'>Non-ens</span> <span class='ocrx_word' id='word_1_288' title='bbox 1803 1117 1908 1149; x_wconf 87' lang='lat' dir='ltr'>con-</span> 
     </span>
     <span class='ocr_line' id='line_1_55' title="bbox 1111 1164 1938 1219; baseline 0 -15"><span class='ocrx_word' id='word_1_289' title='bbox 1111 1164 1270 1215; x_wconf 84' lang='lat' dir='ltr'>venire,</span> <span class='ocrx_word' id='word_1_290' title='bbox 1297 1164 1454 1219; x_wconf 90' lang='lat' dir='ltr'>quippe</span> <span class='ocrx_word' id='word_1_291' title='bbox 1485 1164 1554 1217; x_wconf 92' lang='lat' dir='ltr'>qui</span> <span class='ocrx_word' id='word_1_292' title='bbox 1577 1175 1782 1206; x_wconf 83' lang='lat' dir='ltr'>concessa</span> <span class='ocrx_word' id='word_1_293' title='bbox 1810 1169 1907 1205; x_wconf 86' lang='lat' dir='ltr'>tan-</span> <span class='ocrx_word' id='word_1_294' title='bbox 1935 1173 1938 1176; x_wconf 71' lang='grc'>’</span> 
     </span>
     <span class='ocr_line' id='line_1_56' title="bbox 1112 1221 1909 1273; baseline -0.001 -11"><span class='ocrx_word' id='word_1_295' title='bbox 1112 1226 1206 1262; x_wconf 91' lang='lat' dir='ltr'>tum</span> <span class='ocrx_word' id='word_1_296' title='bbox 1242 1221 1583 1273; x_wconf 87' lang='lat' dir='ltr'>praedicatorum</span> <span class='ocrx_word' id='word_1_297' title='bbox 1622 1221 1829 1262; x_wconf 81' lang='lat' dir='ltr'>varietate</span> <span class='ocrx_word' id='word_1_298' title='bbox 1867 1221 1909 1261; x_wconf 85' lang='lat' dir='ltr'>in</span> 
     </span>
     <span class='ocr_line' id='line_1_57' title="bbox 1115 1277 1911 1330; baseline -0.001 -12"><span class='ocrx_word' id='word_1_299' title='bbox 1115 1290 1167 1318; x_wconf 90' lang='lat' dir='ltr'>eo</span> <span class='ocrx_word' id='word_1_300' title='bbox 1203 1277 1343 1318; x_wconf 91' lang='lat' dir='ltr'>locum</span> <span class='ocrx_word' id='word_1_301' title='bbox 1373 1277 1591 1319; x_wconf 83' lang='lat' dir='ltr'>habiturus</span> <span class='ocrx_word' id='word_1_302' title='bbox 1626 1277 1696 1330; x_wconf 87' lang='lat' dir='ltr'>sit,</span> <span class='ocrx_word' id='word_1_303' title='bbox 1726 1277 1911 1330; x_wconf 77' lang='lat' dir='ltr'>ideoque</span> 
     </span>
     <span class='ocr_line' id='line_1_58' title="bbox 1115 1309 1912 1388; baseline 0 -13"><span class='ocrx_word' id='word_1_304' title='bbox 1115 1334 1269 1376; x_wconf 87' lang='lat' dir='ltr'>mirum</span> <span class='ocrx_word' id='word_1_305' title='bbox 1299 1333 1509 1385; x_wconf 86' lang='lat' dir='ltr'>accidere,</span> <span class='ocrx_word' id='word_1_306' title='bbox 1545 1333 1660 1388; x_wconf 87' lang='lat' dir='ltr'>quod</span> <span class='ocrx_word' id='word_1_307' title='bbox 1682 1309 1733 1376; x_wconf 71' lang='lat' dir='ltr'>et</span> <span class='ocrx_word' id='word_1_308' title='bbox 1760 1345 1912 1376; x_wconf 84' lang='lat' dir='ltr'>nume-</span> 
     </span>
     <span class='ocr_line' id='line_1_59' title="bbox 1115 1389 1910 1437; baseline 0.001 -5"><span class='ocrx_word' id='word_1_309' title='bbox 1115 1403 1164 1432; x_wconf 88' lang='lat' dir='ltr'>ro</span> <span class='ocrx_word' id='word_1_310' title='bbox 1193 1389 1362 1431; x_wconf 87' lang='lat' dir='ltr'>unitatis</span> <span class='ocrx_word' id='word_1_311' title='bbox 1391 1389 1547 1431; x_wconf 87' lang='lat' dir='ltr'>Non-</span> <span class='ocrx_word' id='word_1_312' title='bbox 1567 1403 1660 1437; x_wconf 83' lang='lat' dir='ltr'>ens</span> <span class='ocrx_word' id='word_1_313' title='bbox 1689 1395 1732 1433; x_wconf 86' lang='lat' dir='ltr'>et</span> <span class='ocrx_word' id='word_1_314' title='bbox 1758 1403 1910 1433; x_wconf 84' lang='lat' dir='ltr'>nume-</span> 
     </span>
     <span class='ocr_line' id='line_1_60' title="bbox 1116 1445 1911 1489; baseline -0.001 0"><span class='ocrx_word' id='word_1_315' title='bbox 1116 1459 1166 1489; x_wconf 87' lang='lat' dir='ltr'>ro</span> <span class='ocrx_word' id='word_1_316' title='bbox 1194 1445 1473 1487; x_wconf 87' lang='lat' dir='ltr'>multitudinis</span> <span class='ocrx_word' id='word_1_317' title='bbox 1501 1445 1576 1489; x_wconf 90' lang='lat' dir='ltr'>No</span> <span class='ocrx_word' id='word_1_318' title='bbox 1590 1447 1816 1489; x_wconf 46' lang='lat' dir='ltr'>n-*entia</span> <span class='ocrx_word' id='word_1_319' title='bbox 1845 1447 1911 1488; x_wconf 88' lang='lat' dir='ltr'>di-</span> 
     </span>
     <span class='ocr_line' id='line_1_61' title="bbox 1117 1504 1911 1548; baseline 0 -4"><span class='ocrx_word' id='word_1_320' title='bbox 1117 1516 1217 1545; x_wconf 86' lang='lat' dir='ltr'>cere</span> <span class='ocrx_word' id='word_1_321' title='bbox 1276 1505 1480 1545; x_wconf 82' lang='lat' dir='ltr'>solemus.</span> <span class='ocrx_word' id='word_1_322' title='bbox 1562 1504 1679 1548; x_wconf 81' lang='lat' dir='ltr'>Quin</span> <span class='ocrx_word' id='word_1_323' title='bbox 1731 1504 1911 1546; x_wconf 84' lang='lat' dir='ltr'>ulterius</span> 
     </span>
     <span class='ocr_line' id='line_1_62' title="bbox 1119 1558 1913 1614; baseline 0 -12"><span class='ocrx_word' id='word_1_324' title='bbox 1119 1560 1246 1602; x_wconf 86' lang='lat' dir='ltr'>etiam</span> <span class='ocrx_word' id='word_1_325' title='bbox 1304 1559 1590 1613; x_wconf 65' lang='lat' dir='ltr'>progreditur.</span> <span class='ocrx_word' id='word_1_326' title='bbox 1671 1558 1781 1603; x_wconf 88' lang='lat' dir='ltr'>Nam</span> <span class='ocrx_word' id='word_1_327' title='bbox 1841 1559 1913 1614; x_wconf 84' lang='lat' dir='ltr'>qui</span> 
     </span>
     <span class='ocr_line' id='line_1_63' title="bbox 1115 1616 1914 1669; baseline -0.003 -9"><span class='ocrx_word' id='word_1_328' title='bbox 1115 1616 1331 1660; x_wconf 88' lang='lat' dir='ltr'>Non-ens</span> <span class='ocrx_word' id='word_1_329' title='bbox 1379 1617 1554 1669; x_wconf 88' lang='lat' dir='ltr'>tollant,</span> <span class='ocrx_word' id='word_1_330' title='bbox 1597 1623 1693 1659; x_wconf 77' lang='lat' dir='ltr'>‘eos</span> <span class='ocrx_word' id='word_1_331' title='bbox 1739 1617 1914 1661; x_wconf 78' lang='lat' dir='ltr'>mirifice</span> 
     </span>
     <span class='ocr_line' id='line_1_64' title="bbox 1118 1673 1911 1728; baseline 0.001 -14"><span class='ocrx_word' id='word_1_332' title='bbox 1118 1685 1265 1715; x_wconf 83' lang='lat' dir='ltr'>secum</span> <span class='ocrx_word' id='word_1_333' title='bbox 1306 1673 1413 1726; x_wconf 89' lang='lat' dir='ltr'>ipsis</span> <span class='ocrx_word' id='word_1_334' title='bbox 1444 1686 1636 1728; x_wconf 84' lang='lat' dir='ltr'>pugnare</span> <span class='ocrx_word' id='word_1_335' title='bbox 1665 1674 1911 1726; x_wconf 82' lang='lat' dir='ltr'>arbitratur,</span> 
     </span>
     <span class='ocr_line' id='line_1_65' title="bbox 1119 1729 1912 1784; baseline 0.003 -13"><span class='ocrx_word' id='word_1_336' title='bbox 1119 1729 1325 1783; x_wconf 89' lang='lat' dir='ltr'>siquidem</span> <span class='ocrx_word' id='word_1_337' title='bbox 1356 1730 1566 1772; x_wconf 87' lang='lat' dir='ltr'>disserant</span> <span class='ocrx_word' id='word_1_338' title='bbox 1595 1729 1650 1773; x_wconf 91' lang='lat' dir='ltr'>de</span> <span class='ocrx_word' id='word_1_339' title='bbox 1680 1743 1754 1783; x_wconf 92' lang='lat' dir='ltr'>eo,</span> <span class='ocrx_word' id='word_1_340' title='bbox 1794 1729 1912 1784; x_wconf 85' lang='lat' dir='ltr'>quod</span> 
     </span>
     <span class='ocr_line' id='line_1_66' title="bbox 1117 1787 1923 1842; baseline 0.001 -13"><span class='ocrx_word' id='word_1_341' title='bbox 1117 1787 1200 1841; x_wconf 88' lang='lat' dir='ltr'>ipsi</span> <span class='ocrx_word' id='word_1_342' title='bbox 1230 1799 1326 1827; x_wconf 86' lang='lat' dir='ltr'>esse</span> <span class='ocrx_word' id='word_1_343' title='bbox 1355 1791 1539 1840; x_wconf 83' lang='lat' dir='ltr'>negent,</span> <span class='ocrx_word' id='word_1_344' title='bbox 1578 1787 1782 1842; x_wconf 88' lang='lat' dir='ltr'>quodque</span> <span class='ocrx_word' id='word_1_345' title='bbox 1813 1799 1923 1840; x_wconf 65' lang='lat' dir='ltr'>eam,</span> 
     </span>
     <span class='ocr_line' id='line_1_67' title="bbox 1118 1842 1913 1898; baseline 0.001 -14"><span class='ocrx_word' id='word_1_346' title='bbox 1118 1844 1254 1898; x_wconf 82' lang='lat' dir='ltr'>ipsam</span> <span class='ocrx_word' id='word_1_347' title='bbox 1303 1842 1359 1884; x_wconf 92' lang='lat' dir='ltr'>ob</span> <span class='ocrx_word' id='word_1_348' title='bbox 1413 1856 1582 1886; x_wconf 86' lang='lat' dir='ltr'>causam</span> <span class='ocrx_word' id='word_1_349' title='bbox 1631 1856 1711 1886; x_wconf 83' lang='lat' dir='ltr'>nec</span> <span class='ocrx_word' id='word_1_350' title='bbox 1769 1849 1913 1887; x_wconf 81' lang='lat' dir='ltr'>mente</span> 
     </span>
     <span class='ocr_line' id='line_1_68' title="bbox 1118 1899 1915 1956; baseline 0.001 -14"><span class='ocrx_word' id='word_1_351' title='bbox 1118 1899 1280 1954; x_wconf 87' lang='lat' dir='ltr'>concipi</span> <span class='ocrx_word' id='word_1_352' title='bbox 1309 1912 1387 1940; x_wconf 88' lang='lat' dir='ltr'>nec</span> <span class='ocrx_word' id='word_1_353' title='bbox 1408 1900 1613 1942; x_wconf 89' lang='lat' dir='ltr'>nominari</span> <span class='ocrx_word' id='word_1_354' title='bbox 1641 1901 1790 1956; x_wconf 80' lang='lat' dir='ltr'>possit·</span> <span class='ocrx_word' id='word_1_355' title='bbox 1847 1901 1915 1943; x_wconf 77' lang='lat' dir='ltr'>lta</span> 
     </span>
     <span class='ocr_line' id='line_1_69' title="bbox 1118 1957 1913 2012; baseline 0.001 -13"><span class='ocrx_word' id='word_1_356' title='bbox 1118 1957 1251 2011; x_wconf 79' lang='lat' dir='ltr'>igitur</span> <span class='ocrx_word' id='word_1_357' title='bbox 1287 1969 1493 2011; x_wconf 83' lang='lat' dir='ltr'>apparere</span> <span class='ocrx_word' id='word_1_358' title='bbox 1531 1957 1616 2010; x_wconf 79' lang='lat' dir='ltr'>ait,</span> <span class='ocrx_word' id='word_1_359' title='bbox 1651 1957 1913 2012; x_wconf 84' lang='lat' dir='ltr'>Sophistam,</span> 
     </span>
     <span class='ocr_line' id='line_1_70' title="bbox 1118 2013 1913 2068; baseline 0.004 -14"><span class='ocrx_word' id='word_1_360' title='bbox 1118 2026 1248 2067; x_wconf 88' lang='lat' dir='ltr'>quem</span> <span class='ocrx_word' id='word_1_361' title='bbox 1283 2013 1548 2067; x_wconf 85' lang='lat' dir='ltr'>putaverint,</span> <span class='ocrx_word' id='word_1_362' title='bbox 1577 2013 1643 2066; x_wconf 89' lang='lat' dir='ltr'>id,</span> <span class='ocrx_word' id='word_1_363' title='bbox 1685 2014 1799 2068; x_wconf 90' lang='lat' dir='ltr'>quod</span> <span class='ocrx_word' id='word_1_364' title='bbox 1828 2027 1913 2057; x_wconf 83' lang='lat' dir='ltr'>non</span> 
     </span>
     <span class='ocr_line' id='line_1_71' title="bbox 1119 2070 1914 2124; baseline 0.004 -13"><span class='ocrx_word' id='word_1_365' title='bbox 1119 2071 1188 2122; x_wconf 88' lang='lat' dir='ltr'>sit,</span> <span class='ocrx_word' id='word_1_366' title='bbox 1220 2071 1430 2122; x_wconf 88' lang='lat' dir='ltr'>simulare,</span> <span class='ocrx_word' id='word_1_367' title='bbox 1460 2071 1615 2124; x_wconf 90' lang='lat' dir='ltr'>quippe</span> <span class='ocrx_word' id='word_1_368' title='bbox 1635 2070 1914 2115; x_wconf 85' lang='lat' dir='ltr'>adulterinum</span> 
     </span>
     <span class='ocr_line' id='line_1_72' title="bbox 1116 2125 1914 2192; baseline 0.001 -24"><span class='ocrx_word' id='word_1_369' title='bbox 1116 2139 1342 2180; x_wconf 84' lang='lat' dir='ltr'>germanae</span> <span class='ocrx_word' id='word_1_370' title='bbox 1393 2125 1682 2192; x_wconf 86' lang='lat' dir='ltr'>philosophiae</span> <span class='ocrx_word' id='word_1_371' title='bbox 1722 2128 1914 2170; x_wconf 85' lang='lat' dir='ltr'>imitato-</span> 
     </span>
     <span class='ocr_line' id='line_1_73' title="bbox 1115 2183 1915 2234; baseline 0.004 -10"><span class='ocrx_word' id='word_1_372' title='bbox 1115 2196 1221 2234; x_wconf 87' lang='lat' dir='ltr'>rem,</span> <span class='ocrx_word' id='word_1_373' title='bbox 1253 2196 1351 2224; x_wconf 90' lang='lat' dir='ltr'>sese</span> <span class='ocrx_word' id='word_1_374' title='bbox 1373 2183 1417 2224; x_wconf 89' lang='lat' dir='ltr'>in</span> <span class='ocrx_word' id='word_1_375' title='bbox 1448 2195 1520 2224; x_wconf 84' lang='lat' dir='ltr'>eas</span> <span class='ocrx_word' id='word_1_376' title='bbox 1548 2183 1764 2226; x_wconf 86' lang='lat' dir='ltr'>abdidisse</span> <span class='ocrx_word' id='word_1_377' title='bbox 1793 2188 1915 2227; x_wconf 88' lang='lat' dir='ltr'>tene-</span> 
     </span>
     <span class='ocr_line' id='line_1_74' title="bbox 1115 2239 1915 2294; baseline 0.004 -13"><span class='ocrx_word' id='word_1_378' title='bbox 1115 2241 1242 2293; x_wconf 83' lang='lat' dir='ltr'>bras,</span> <span class='ocrx_word' id='word_1_379' title='bbox 1284 2252 1389 2292; x_wconf 86' lang='lat' dir='ltr'>quas</span> <span class='ocrx_word' id='word_1_380' title='bbox 1426 2239 1638 2282; x_wconf 88' lang='lat' dir='ltr'>discutere</span> <span class='ocrx_word' id='word_1_381' title='bbox 1677 2242 1745 2282; x_wconf 85' lang='lat' dir='ltr'>vel</span> <span class='ocrx_word' id='word_1_382' title='bbox 1782 2254 1915 2294; x_wconf 89' lang='lat' dir='ltr'>pene-</span> 
     </span>
     <span class='ocr_line' id='line_1_75' title="bbox 1116 2296 1914 2355; baseline 0.005 -17"><span class='ocrx_word' id='word_1_383' title='bbox 1116 2301 1233 2338; x_wconf 88' lang='lat' dir='ltr'>trare</span> <span class='ocrx_word' id='word_1_384' title='bbox 1272 2298 1399 2348; x_wconf 85' lang='lat' dir='ltr'>longe</span> <span class='ocrx_word' id='word_1_385' title='bbox 1433 2296 1491 2337; x_wconf 89' lang='lat' dir='ltr'>sit</span> <span class='ocrx_word' id='word_1_386' title='bbox 1532 2296 1837 2342; x_wconf 85' lang='lat' dir='ltr'>difficillimum.</span> <span class='ocrx_word' id='word_1_387' title='bbox 1871 2312 1914 2355; x_wconf 83' lang='lat' dir='ltr'>p.</span> 
     </span>
     <span class='ocr_line' id='line_1_76' title="bbox 1117 2353 1496 2394; baseline 0.003 -2"><span class='ocrx_word' id='word_1_388' title='bbox 1117 2357 1201 2393; x_wconf 76' lang='lat'>237</span> <span class='ocrx_word' id='word_1_389' title='bbox 1231 2377 1286 2384; x_wconf 90' lang='lat'>—-</span> <span class='ocrx_word' id='word_1_390' title='bbox 1319 2356 1415 2394; x_wconf 80' lang='grc'>239.</span> <span class='ocrx_word' id='word_1_391' title='bbox 1447 2353 1496 2394; x_wconf 89' lang='lat' dir='ltr'>C.</span> 
     </span>
    </p>

    <p class='ocr_par' dir='ltr' id='par_1_14' title="bbox 1115 2407 1916 2748">
     <span class='ocr_line' id='line_1_77' title="bbox 1174 2407 1915 2466; baseline 0.004 -17"><span class='ocrx_word' id='word_1_392' title='bbox 1174 2407 1266 2461; x_wconf 65' lang='lat' dir='ltr'>Mq&#39;</span> <span class='ocrx_word' id='word_1_393' title='bbox 1318 2410 1503 2454; x_wconf 67' lang='grc' dir='ltr'><strong><em>τοίνυν</em></strong></span> <span class='ocrx_word' id='word_1_394' title='bbox 1545 2409 1728 2466; x_wconf 69' lang='grc' dir='ltr'><strong>ἴριδος</strong></span> <span class='ocrx_word' id='word_1_395' title='bbox 1762 2409 1915 2452; x_wconf 67' lang='grc' dir='ltr'><em>ἕνεκα</em></span> 
     </span>
     <span class='ocr_line' id='line_1_78' title="bbox 1118 2465 1915 2535; baseline 0.005 -30"><span class='ocrx_word' id='word_1_396' title='bbox 1118 2465 1199 2535; x_wconf 85' lang='lat'>-]</span> <span class='ocrx_word' id='word_1_397' title='bbox 1241 2465 1331 2506; x_wconf 76' lang='lat' dir='ltr'>Soli</span> <span class='ocrx_word' id='word_1_398' title='bbox 1371 2466 1471 2507; x_wconf 87' lang='lat' dir='ltr'>Par.</span> <span class='ocrx_word' id='word_1_399' title='bbox 1513 2466 1562 2507; x_wconf 83' lang='lat' dir='ltr'>C.</span> <span class='ocrx_word' id='word_1_400' title='bbox 1592 2465 1645 2507; x_wconf 89' lang='grc' dir='ltr'><em>Ε.</em></span> <span class='ocrx_word' id='word_1_401' title='bbox 1713 2480 1762 2509; x_wconf 93' lang='lat' dir='ltr'>ro</span> <span class='ocrx_word' id='word_1_402' title='bbox 1800 2470 1915 2521; x_wconf 79' lang='lat' dir='ltr'>vulg.</span> 
     </span>
     <span class='ocr_line' id='line_1_79' title="bbox 1115 2480 1916 2576; baseline 0.004 -15"><span class='ocrx_word' id='word_1_403' title='bbox 1115 2536 1168 2562; x_wconf 86' lang='grc' dir='ltr'>αν</span> <span class='ocrx_word' id='word_1_404' title='bbox 1218 2522 1381 2574; x_wconf 56' lang='lat' dir='ltr'>numni}</span> <span class='ocrx_word' id='word_1_405' title='bbox 1432 2523 1636 2576; x_wconf 82' lang='lat' dir='ltr'>scriptum</span> <span class='ocrx_word' id='word_1_406' title='bbox 1682 2480 1839 2566; x_wconf 57' lang='lat' dir='ltr'>liabent</span> <span class='ocrx_word' id='word_1_407' title='bbox 1875 2526 1916 2565; x_wconf 72' lang='lat' dir='ltr'>el</span> 
     </span>
     <span class='ocr_line' id='line_1_80' title="bbox 1117 2578 1913 2633; baseline 0.004 -13"><span class='ocrx_word' id='word_1_408' title='bbox 1117 2578 1310 2631; x_wconf 72' lang='grc' dir='ltr'><em>σπουδῇ,</em></span> <span class='ocrx_word' id='word_1_409' title='bbox 1350 2578 1466 2631; x_wconf 89' lang='lat' dir='ltr'>quod</span> <span class='ocrx_word' id='word_1_410' title='bbox 1503 2591 1588 2620; x_wconf 88' lang='lat' dir='ltr'>non</span> <span class='ocrx_word' id='word_1_411' title='bbox 1615 2582 1761 2633; x_wconf 73' lang='lat' dir='ltr'>potest</span> <span class='ocrx_word' id='word_1_412' title='bbox 1790 2580 1913 2622; x_wconf 89' lang='lat' dir='ltr'>dubi-</span> 
     </span>
     <span class='ocr_line' id='line_1_81' title="bbox 1115 2636 1916 2691; baseline 0.005 -15"><span class='ocrx_word' id='word_1_413' title='bbox 1115 2636 1195 2678; x_wconf 86' lang='lat' dir='ltr'>tari</span> <span class='ocrx_word' id='word_1_414' title='bbox 1223 2636 1344 2676; x_wconf 87' lang='lat' dir='ltr'>unice</span> <span class='ocrx_word' id='word_1_415' title='bbox 1373 2647 1520 2678; x_wconf 85' lang='lat' dir='ltr'>verum</span> <span class='ocrx_word' id='word_1_416' title='bbox 1550 2649 1675 2688; x_wconf 89' lang='lat' dir='ltr'>esse,</span> <span class='ocrx_word' id='word_1_417' title='bbox 1706 2650 1835 2691; x_wconf 90' lang='lat' dir='ltr'>quum</span> <span class='ocrx_word' id='word_1_418' title='bbox 1863 2637 1916 2679; x_wconf 83' lang='lat' dir='ltr'>li-</span> 
     </span>
     <span class='ocr_line' id='line_1_82' title="bbox 1116 2691 1912 2749; baseline 0.004 -15"><span class='ocrx_word' id='word_1_419' title='bbox 1116 2693 1178 2734; x_wconf 84' lang='lat' dir='ltr'>bri</span> <span class='ocrx_word' id='word_1_420' title='bbox 1209 2691 1357 2747; x_wconf 90' lang='lat' dir='ltr'>optimi</span> <span class='ocrx_word' id='word_1_421' title='bbox 1383 2696 1516 2745; x_wconf 86' lang='lat' dir='ltr'>atque</span> <span class='ocrx_word' id='word_1_422' title='bbox 1535 2692 1702 2746; x_wconf 84' lang='lat' dir='ltr'>plurimi</span> <span class='ocrx_word' id='word_1_423' title='bbox 1731 2707 1809 2748; x_wconf 89' lang='lat' dir='ltr'>pro</span> <span class='ocrx_word' id='word_1_424' title='bbox 1840 2693 1912 2749; x_wconf 71' lang='grc' dir='ltr'>δέη</span> 
     </span>
    </p>
   </div>
   <div class='ocr_carea' id='block_1_14' title="bbox 1079 2748 1913 2792">
    <p class='ocr_par' dir='ltr' id='par_1_15' title="bbox 1079 2748 1913 2792">
     <span class='ocr_line' id='line_1_83' title="bbox 1079 2748 1913 2792; baseline 0 0"><span class='ocrx_word' id='word_1_425' title='bbox 1079 2748 1342 2792; x_wconf 75' lang='lat' dir='ltr'>‚exhibeant</span> <span class='ocrx_word' id='word_1_426' title='bbox 1393 2748 1493 2791; x_wconf 81' lang='grc' dir='ltr'><strong>δέοι.</strong></span> <span class='ocrx_word' id='word_1_427' title='bbox 1560 2749 1784 2792; x_wconf 83' lang='lat' dir='ltr'>Accedunt</span> <span class='ocrx_word' id='word_1_428' title='bbox 1832 2751 1913 2792; x_wconf 81' lang='lat' dir='ltr'>alia</span> 
     </span>
    </p>
   </div>
   <div class='ocr_carea' id='block_1_15' title="bbox 1113 2805 1914 3255">
    <p class='ocr_par' dir='ltr' id='par_1_16' title="bbox 1113 2805 1914 3255">
     <span class='ocr_line' id='line_1_84' title="bbox 1117 2805 1914 2860; baseline 0.003 -13"><span class='ocrx_word' id='word_1_429' title='bbox 1117 2805 1240 2847; x_wconf 81' lang='lat' dir='ltr'>huius</span> <span class='ocrx_word' id='word_1_430' title='bbox 1261 2806 1493 2858; x_wconf 88' lang='lat' dir='ltr'>scripturae</span> <span class='ocrx_word' id='word_1_431' title='bbox 1511 2806 1770 2860; x_wconf 83' lang='lat' dir='ltr'>testimonia,</span> <span class='ocrx_word' id='word_1_432' title='bbox 1800 2819 1914 2860; x_wconf 84' lang='lat' dir='ltr'>quae</span> 
     </span>
     <span class='ocr_line' id='line_1_85' title="bbox 1116 2862 1913 2917; baseline 0.001 -13"><span class='ocrx_word' id='word_1_433' title='bbox 1116 2877 1171 2904; x_wconf 84' lang='lat' dir='ltr'>ex</span> <span class='ocrx_word' id='word_1_434' title='bbox 1201 2862 1426 2904; x_wconf 88' lang='lat' dir='ltr'>lectionum</span> <span class='ocrx_word' id='word_1_435' title='bbox 1449 2863 1658 2905; x_wconf 82' lang='lat' dir='ltr'>varietate</span> <span class='ocrx_word' id='word_1_436' title='bbox 1682 2875 1811 2917; x_wconf 79' lang='lat' dir='ltr'>supra</span> <span class='ocrx_word' id='word_1_437' title='bbox 1834 2876 1913 2905; x_wconf 85' lang='lat' dir='ltr'>no-</span> 
     </span>
     <span class='ocr_line' id='line_1_86' title="bbox 1115 2919 1912 2972; baseline 0.001 -11"><span class='ocrx_word' id='word_1_438' title='bbox 1115 2924 1205 2961; x_wconf 82' lang='lat' dir='ltr'>tata</span> <span class='ocrx_word' id='word_1_439' title='bbox 1253 2919 1375 2960; x_wconf 85' lang='lat' dir='ltr'>facile</span> <span class='ocrx_word' id='word_1_440' title='bbox 1425 2924 1748 2972; x_wconf 80' lang='lat' dir='ltr'>cognoscentur.</span> <span class='ocrx_word' id='word_1_441' title='bbox 1822 2920 1912 2962; x_wconf 81' lang='lat' dir='ltr'>Hic</span> 
     </span>
     <span class='ocr_line' id='line_1_87' title="bbox 1113 2975 1911 3030; baseline 0 -13"><span class='ocrx_word' id='word_1_442' title='bbox 1113 2977 1240 3030; x_wconf 83' lang='lat' dir='ltr'>igitur</span> <span class='ocrx_word' id='word_1_443' title='bbox 1267 2988 1336 3016; x_wconf 87' lang='lat' dir='ltr'>res</span> <span class='ocrx_word' id='word_1_444' title='bbox 1367 2976 1407 3016; x_wconf 91' lang='lat' dir='ltr'>in</span> <span class='ocrx_word' id='word_1_445' title='bbox 1434 2975 1547 3016; x_wconf 78' lang='lat' dir='ltr'>vado</span> <span class='ocrx_word' id='word_1_446' title='bbox 1578 2980 1656 3017; x_wconf 89' lang='lat' dir='ltr'>est.</span> <span class='ocrx_word' id='word_1_447' title='bbox 1716 2976 1807 3019; x_wconf 90' lang='lat' dir='ltr'>Sed</span> <span class='ocrx_word' id='word_1_448' title='bbox 1829 2976 1911 3018; x_wconf 86' lang='lat' dir='ltr'>dis-</span> 
     </span>
     <span class='ocr_line' id='line_1_88' title="bbox 1113 3030 1911 3087; baseline 0 -14"><span class='ocrx_word' id='word_1_449' title='bbox 1113 3033 1261 3073; x_wconf 84' lang='lat' dir='ltr'>ficilius</span> <span class='ocrx_word' id='word_1_450' title='bbox 1295 3035 1360 3074; x_wconf 89' lang='lat' dir='ltr'>est</span> <span class='ocrx_word' id='word_1_451' title='bbox 1395 3030 1578 3073; x_wconf 82' lang='lat' dir='ltr'>iudicare</span> <span class='ocrx_word' id='word_1_452' title='bbox 1609 3032 1664 3075; x_wconf 90' lang='lat' dir='ltr'>de</span> <span class='ocrx_word' id='word_1_453' title='bbox 1692 3033 1911 3087; x_wconf 81' lang='lat' dir='ltr'>proximis.</span> 
     </span>
     <span class='ocr_line' id='line_1_89' title="bbox 1114 3088 1907 3143; baseline -0.003 -12"><span class='ocrx_word' id='word_1_454' title='bbox 1114 3088 1297 3131; x_wconf 82' lang='lat' dir='ltr'>Namibi</span> <span class='ocrx_word' id='word_1_455' title='bbox 1328 3088 1423 3130; x_wconf 85' lang='lat' dir='ltr'>libri</span> <span class='ocrx_word' id='word_1_456' title='bbox 1451 3089 1664 3142; x_wconf 89' lang='lat' dir='ltr'>plerique.</span> <span class='ocrx_word' id='word_1_457' title='bbox 1694 3092 1803 3143; x_wconf 64' lang='grc' dir='ltr'><strong>ἔχειν</strong></span> <span class='ocrx_word' id='word_1_458' title='bbox 1829 3089 1907 3131; x_wconf 82' lang='grc' dir='ltr'>δο-</span> 
     </span>
     <span class='ocr_line' id='line_1_90' title="bbox 1113 3144 1909 3199; baseline 0.003 -13"><span class='ocrx_word' id='word_1_459' title='bbox 1113 3146 1273 3199; x_wconf 78' lang='grc' dir='ltr'><strong><em>κοῦμεν</em></strong></span> <span class='ocrx_word' id='word_1_460' title='bbox 1307 3159 1362 3183; x_wconf 76' lang='grc' dir='ltr'>αν</span> <span class='ocrx_word' id='word_1_461' title='bbox 1402 3144 1463 3190; x_wconf 74' lang='grc' dir='ltr'>εἰς</span> <span class='ocrx_word' id='word_1_462' title='bbox 1499 3146 1547 3184; x_wconf 77' lang='grc' dir='ltr'>τί</span> <span class='ocrx_word' id='word_1_463' title='bbox 1582 3159 1618 3185; x_wconf 76' lang='grc' dir='ltr'>κ.</span> <span class='ocrx_word' id='word_1_464' title='bbox 1659 3161 1699 3186; x_wconf 82' lang='grc' dir='ltr'>τ.</span> <span class='ocrx_word' id='word_1_465' title='bbox 1730 3145 1767 3186; x_wconf 79' lang='grc' dir='ltr'>λ.</span> <span class='ocrx_word' id='word_1_466' title='bbox 1810 3158 1909 3188; x_wconf 86' lang='lat' dir='ltr'>cum</span> 
     </span>
     <span class='ocr_line' id='line_1_91' title="bbox 1115 3200 1908 3255; baseline 0.003 -12"><span class='ocrx_word' id='word_1_467' title='bbox 1115 3202 1235 3243; x_wconf 87' lang='lat' dir='ltr'>editt.</span> <span class='ocrx_word' id='word_1_468' title='bbox 1275 3200 1483 3243; x_wconf 86' lang='lat' dir='ltr'>omnibus.</span> <span class='ocrx_word' id='word_1_469' title='bbox 1550 3200 1730 3255; x_wconf 85' lang='lat' dir='ltr'>Semper</span> <span class='ocrx_word' id='word_1_470' title='bbox 1766 3202 1908 3245; x_wconf 82' lang='lat' dir='ltr'>tamen</span> 
     </span>
    </p>
   </div>
   <div class='ocr_carea' id='block_1_16' title="bbox 1112 3250 1996 3301">
    <p class='ocr_par' dir='ltr' id='par_1_17' title="bbox 1112 3250 1996 3301">
     <span class='ocr_line' id='line_1_92' title="bbox 1112 3250 1996 3301; baseline 0.001 -1"><span class='ocrx_word' id='word_1_471' title='bbox 1112 3258 1235 3300; x_wconf 89' lang='lat' dir='ltr'>nobis</span> <span class='ocrx_word' id='word_1_472' title='bbox 1274 3250 1458 3300; x_wconf 74' lang='lat' dir='ltr'>molesta</span> <span class='ocrx_word' id='word_1_473' title='bbox 1500 3255 1611 3300; x_wconf 66' lang='lat' dir='ltr'>haec</span> <span class='ocrx_word' id='word_1_474' title='bbox 1642 3258 1768 3301; x_wconf 82' lang='lat' dir='ltr'>lectio</span> <span class='ocrx_word' id='word_1_475' title='bbox 1815 3259 1908 3301; x_wconf 82' lang='lat' dir='ltr'>visa</span> <span class='ocrx_word' id='word_1_476' title='bbox 1990 3255 1996 3271; x_wconf 91' lang='lat'><strong>¹</strong></span> 
     </span>
    </p>
   </div>
   <div class='ocr_carea' id='block_1_17' title="bbox 1111 3314 1908 3415">
    <p class='ocr_par' dir='ltr' id='par_1_18' title="bbox 1111 3314 1908 3415">
     <span class='ocr_line' id='line_1_93' title="bbox 1112 3314 1908 3368; baseline 0 -12"><span class='ocrx_word' id='word_1_477' title='bbox 1112 3318 1193 3366; x_wconf 87' lang='lat' dir='ltr'>est,</span> <span class='ocrx_word' id='word_1_478' title='bbox 1223 3314 1472 3368; x_wconf 85' lang='lat' dir='ltr'>praesertim</span> <span class='ocrx_word' id='word_1_479' title='bbox 1495 3326 1625 3368; x_wconf 86' lang='lat' dir='ltr'>quum</span> <span class='ocrx_word' id='word_1_480' title='bbox 1654 3314 1769 3356; x_wconf 84' lang='lat' dir='ltr'>verbi</span> <span class='ocrx_word' id='word_1_481' title='bbox 1798 3315 1908 3367; x_wconf 74' lang='grc' dir='ltr'><strong>ἔχειν</strong></span> 
     </span>
     <span class='ocr_line' id='line_1_94' title="bbox 1111 3370 1906 3415; baseline 0 0"><span class='ocrx_word' id='word_1_482' title='bbox 1111 3371 1336 3415; x_wconf 83' lang='lat' dir='ltr'>collocatio</span> <span class='ocrx_word' id='word_1_483' title='bbox 1372 3371 1526 3414; x_wconf 84' lang='lat' dir='ltr'>idonea</span> <span class='ocrx_word' id='word_1_484' title='bbox 1555 3370 1720 3415; x_wconf 80' lang='lat' dir='ltr'>ratione</span> <span class='ocrx_word' id='word_1_485' title='bbox 1749 3377 1906 3415; x_wconf 81' lang='lat' dir='ltr'>careat.</span> 
     </span>
    </p>
   </div>
  </div>
 </body>
</html>
