<?xml version="1.0" encoding="UTF-8"?>
<!DOCTYPE html PUBLIC "-//W3C//DTD XHTML 1.0 Transitional//EN"
    "http://www.w3.org/TR/xhtml1/DTD/xhtml1-transitional.dtd">
<html xmlns="http://www.w3.org/1999/xhtml" xml:lang="en" lang="en">
 <head>
  <title>
</title>
<meta http-equiv="Content-Type" content="text/html;charset=utf-8" />
  <meta name='ocr-system' content='tesseract 3.04.00' />
  <meta name='ocr-capabilities' content='ocr_page ocr_carea ocr_par ocr_line ocrx_word'/>
</head>
<body>
  <div class='ocr_page' id='page_1' title='image "./s1s2operaomniare08platuoft_0397.png"; bbox 0 0 2028 3750; ppageno 0'>
   <div class='ocr_carea' id='block_1_1' title="bbox 758 147 1814 230">
    <p class='ocr_par' dir='ltr' id='par_1_1' title="bbox 758 147 1814 230">
     <span class='ocr_line' id='line_1_1' title="bbox 758 147 1814 230; baseline -0.002 -1"><span class='ocrx_word' id='word_1_1' title='bbox 758 147 1197 230; x_wconf 69' lang='grc' dir='ltr'><em>εοΡιιιεΤΛξ</em></span> <span class='ocrx_word' id='word_1_2' title='bbox 1742 176 1814 228; x_wconf 68' lang='grc' dir='ltr'><strong>οε»</strong></span> 
     </span>
    </p>
   </div>
   <div class='ocr_carea' id='block_1_2' title="bbox 125 319 1816 404">
    <p class='ocr_par' dir='ltr' id='par_1_2' title="bbox 125 319 1816 404">
     <span class='ocr_line' id='line_1_2' title="bbox 125 319 1816 404; baseline 0.001 -26"><span class='ocrx_word' id='word_1_3' title='bbox 125 343 199 378; x_wconf 84' lang='lat' dir='ltr'><strong>av</strong></span> <span class='ocrx_word' id='word_1_4' title='bbox 257 321 362 379; x_wconf 84' lang='grc' dir='ltr'><strong>νῦν</strong></span> <span class='ocrx_word' id='word_1_5' title='bbox 401 326 671 401; x_wconf 80' lang='grc' dir='ltr'><em>τέταρτον</em></span> <span class='ocrx_word' id='word_1_6' title='bbox 710 320 815 383; x_wconf 81' lang='grc' dir='ltr'><strong>τὸν</strong></span> <span class='ocrx_word' id='word_1_7' title='bbox 855 319 1327 404; x_wconf 76' lang='grc' dir='ltr'><em>μεταδιωκόμενον</em></span> <span class='ocrx_word' id='word_1_8' title='bbox 1357 319 1476 403; x_wconf 71' lang='lat' dir='ltr'><strong>vcp&#39;</strong></span> <span class='ocrx_word' id='word_1_9' title='bbox 1502 320 1676 397; x_wconf 72' lang='grc' dir='ltr'><em>ἡμῶν</em></span> <span class='ocrx_word' id='word_1_10' title='bbox 1717 331 1816 380; x_wconf 63' lang='grc' dir='ltr'><strong>σοὲ</strong></span> 
     </span>
    </p>
   </div>
   <div class='ocr_carea' id='block_1_3' title="bbox 121 426 359 484">
    <p class='ocr_par' dir='ltr' id='par_1_3' title="bbox 121 426 359 484">
     <span class='ocr_line' id='line_1_3' title="bbox 121 426 359 484; baseline -0.01 -20"><span class='ocrx_word' id='word_1_11' title='bbox 121 426 359 484; x_wconf 73' lang='grc' dir='ltr'><em>φιστηνς</em></span> 
     </span>
    </p>
   </div>
   <div class='ocr_carea' id='block_1_4' title="bbox 246 487 1952 567">
    <p class='ocr_par' dir='ltr' id='par_1_4' title="bbox 246 487 1952 567">
     <span class='ocr_line' id='line_1_4' title="bbox 246 487 1952 567; baseline 0.001 -20.059"><span class='ocrx_word' id='word_1_12' title='bbox 246 487 363 552; x_wconf 82' lang='grc' dir='ltr'><strong>Ξ.Ε</strong></span> <span class='ocrx_word' id='word_1_13' title='bbox 450 488 624 547; x_wconf 82' lang='grc' dir='ltr'><em>Οὐδὲν</em></span> <span class='ocrx_word' id='word_1_14' title='bbox 665 489 792 547; x_wconf 73' lang='grc' dir='ltr'><em>ἀλλ’</em></span> <span class='ocrx_word' id='word_1_15' title='bbox 845 488 880 560; x_wconf 73' lang='grc' dir='ltr'>ἢ</span> <span class='ocrx_word' id='word_1_16' title='bbox 926 489 991 548; x_wconf 84' lang='grc' dir='ltr'><strong>τὸ</strong></span> <span class='ocrx_word' id='word_1_17' title='bbox 1027 488 1463 567; x_wconf 77' lang='grc' dir='ltr'><em>χρηματιστικὸν</em></span> <span class='ocrx_word' id='word_1_18' title='bbox 1503 497 1690 563; x_wconf 78' lang='grc' dir='ltr'><em>γένος,</em></span> <span class='ocrx_word' id='word_1_19' title='bbox 1735 489 1809 558; x_wconf 81' lang='grc' dir='ltr'><strong>ὡς</strong></span> <span class='ocrx_word' id='word_1_20' title='bbox 1843 505 1952 559; x_wconf 77' lang='grc'><strong>226</strong></span> 
     </span>
    </p>
   </div>
   <div class='ocr_carea' id='block_1_5' title="bbox 113 572 1812 819">
    <p class='ocr_par' dir='ltr' id='par_1_5' title="bbox 113 572 1812 819">
     <span class='ocr_line' id='line_1_5' title="bbox 113 572 1809 649; baseline 0.001 -18.004"><span class='ocrx_word' id='word_1_21' title='bbox 113 577 322 643; x_wconf 84' lang='grc' dir='ltr'><em>έοικεν,</em></span> <span class='ocrx_word' id='word_1_22' title='bbox 381 579 650 648; x_wconf 80' lang='grc' dir='ltr'><strong><em>ἐριστικῆς</em></strong></span> <span class='ocrx_word' id='word_1_23' title='bbox 703 572 769 632; x_wconf 79' lang='grc' dir='ltr'><strong>ὃν</strong></span> <span class='ocrx_word' id='word_1_24' title='bbox 823 582 1043 649; x_wconf 77' lang='grc' dir='ltr'><em>τέχνης,</em></span> <span class='ocrx_word' id='word_1_25' title='bbox 1101 581 1202 645; x_wconf 81' lang='grc' dir='ltr'><strong>τῆς</strong></span> <span class='ocrx_word' id='word_1_26' title='bbox 1262 576 1639 645; x_wconf 73' lang='grc' dir='ltr'><em>ἀντιλὸμκῆς,</em></span> <span class='ocrx_word' id='word_1_27' title='bbox 1707 579 1809 645; x_wconf 82' lang='grc' dir='ltr'><strong>τῆς</strong></span> 
     </span>
     <span class='ocr_line' id='line_1_6' title="bbox 119 658 1810 735; baseline 0.001 -21"><span class='ocrx_word' id='word_1_28' title='bbox 119 658 620 735; x_wconf 74' lang='grc' dir='ltr'><em>ἀμφιςβητητικῆς,</em></span> <span class='ocrx_word' id='word_1_29' title='bbox 667 663 766 729; x_wconf 82' lang='grc' dir='ltr'><strong>τῆς</strong></span> <span class='ocrx_word' id='word_1_30' title='bbox 808 663 1126 733; x_wconf 81' lang='grc' dir='ltr'><em>μαχητικῆς,</em></span> <span class='ocrx_word' id='word_1_31' title='bbox 1167 664 1285 730; x_wconf 82' lang='grc' dir='ltr'><strong>τῆς</strong></span> <span class='ocrx_word' id='word_1_32' title='bbox 1307 660 1682 731; x_wconf 76' lang='grc' dir='ltr'><em>ἀγωνιστικῆς,</em></span> <span class='ocrx_word' id='word_1_33' title='bbox 1709 664 1810 729; x_wconf 81' lang='grc' dir='ltr'><strong>τῆς</strong></span> 
     </span>
     <span class='ocr_line' id='line_1_7' title="bbox 119 738 1812 819; baseline 0.002 -20"><span class='ocrx_word' id='word_1_34' title='bbox 119 745 376 812; x_wconf 80' lang='grc' dir='ltr'><em>κτητικῆς</em></span> <span class='ocrx_word' id='word_1_35' title='bbox 416 747 591 812; x_wconf 73' lang='grc' dir='ltr'><em>ἔστιν,</em></span> <span class='ocrx_word' id='word_1_36' title='bbox 634 742 708 810; x_wconf 80' lang='grc' dir='ltr'><strong>ὡς</strong></span> <span class='ocrx_word' id='word_1_37' title='bbox 749 742 780 801; x_wconf 86' lang='grc' dir='ltr'>ὁ</span> <span class='ocrx_word' id='word_1_38' title='bbox 819 746 985 817; x_wconf 68' lang='grc' dir='ltr'><em>λόγος</em></span> <span class='ocrx_word' id='word_1_39' title='bbox 1023 738 1097 801; x_wconf 80' lang='grc' dir='ltr'><strong>αὗ</strong></span> <span class='ocrx_word' id='word_1_40' title='bbox 1138 767 1410 819; x_wconf 77' lang='grc' dir='ltr'><em>μεμηνυκε</em></span> <span class='ocrx_word' id='word_1_41' title='bbox 1450 748 1579 814; x_wconf 81' lang='grc' dir='ltr'><em>νῦν,</em></span> <span class='ocrx_word' id='word_1_42' title='bbox 1638 743 1669 802; x_wconf 86' lang='grc' dir='ltr'>ὁ</span> <span class='ocrx_word' id='word_1_43' title='bbox 1714 764 1812 802; x_wconf 85' lang='grc' dir='ltr'><em>σο-</em></span> 
     </span>
    </p>
   </div>
   <div class='ocr_carea' id='block_1_6' title="bbox 78 845 334 904">
    <p class='ocr_par' dir='ltr' id='par_1_6' title="bbox 78 845 334 904">
     <span class='ocr_line' id='line_1_8' title="bbox 78 845 334 904; baseline 0.008 -23"><span class='ocrx_word' id='word_1_44' title='bbox 78 899 80 901; x_wconf 64' lang='lat'>‚</span> <span class='ocrx_word' id='word_1_45' title='bbox 117 845 334 904; x_wconf 81' lang='grc' dir='ltr'><em>φιστης.</em></span> 
     </span>
    </p>
   </div>
   <div class='ocr_carea' id='block_1_7' title="bbox 247 903 1067 988">
    <p class='ocr_par' dir='ltr' id='par_1_7' title="bbox 247 903 1067 988">
     <span class='ocr_line' id='line_1_9' title="bbox 247 903 1067 988; baseline -0.001 -20"><span class='ocrx_word' id='word_1_46' title='bbox 247 911 451 968; x_wconf 87' lang='grc' dir='ltr'><em>ΘΕΑῙ.</em></span> <span class='ocrx_word' id='word_1_47' title='bbox 534 908 758 988; x_wconf 79' lang='grc' dir='ltr'><em>Κομιὸῆ</em></span> <span class='ocrx_word' id='word_1_48' title='bbox 797 913 900 983; x_wconf 81' lang='grc' dir='ltr'><strong>μὲν</strong></span> <span class='ocrx_word' id='word_1_49' title='bbox 945 903 1067 970; x_wconf 79' lang='grc' dir='ltr'><em>οὗν.</em></span> 
     </span>
    </p>
   </div>
   <div class='ocr_carea' id='block_1_8' title="bbox 196 990 601 1072">
    <p class='ocr_par' dir='ltr' id='par_1_8' title="bbox 196 990 601 1072">
     <span class='ocr_line' id='line_1_10' title="bbox 196 990 601 1072; baseline -0.006 -20.711"><span class='ocrx_word' id='word_1_50' title='bbox 196 992 326 1051; x_wconf 87' lang='lat' dir='ltr'><strong>Ca</strong></span> <span class='ocrx_word' id='word_1_51' title='bbox 330 1016 387 1072; x_wconf 84' lang='lat' dir='ltr'><strong>p</strong></span> <span class='ocrx_word' id='word_1_52' title='bbox 430 990 601 1053; x_wconf 87' lang='lat' dir='ltr'>XIII.</span> 
     </span>
    </p>
   </div>
   <div class='ocr_carea' id='block_1_9' title="bbox 686 956 1807 1068">
    <p class='ocr_par' dir='ltr' id='par_1_9' title="bbox 686 956 1807 1068">
     <span class='ocr_line' id='line_1_11' title="bbox 686 956 1807 1068; baseline 0.004 -19"><span class='ocrx_word' id='word_1_53' title='bbox 686 991 804 1057; x_wconf 81' lang='grc' dir='ltr'><strong>ΞΕ.</strong></span> <span class='ocrx_word' id='word_1_54' title='bbox 878 992 1039 1066; x_wconf 78' lang='grc' dir='ltr'><strong><em>Ορᾷς</em></strong></span> <span class='ocrx_word' id='word_1_55' title='bbox 1083 1016 1201 1063; x_wconf 88' lang='grc' dir='ltr'><em>ουν,</em></span> <span class='ocrx_word' id='word_1_56' title='bbox 1244 994 1317 1062; x_wconf 79' lang='grc' dir='ltr'><strong>ὡς</strong></span> <span class='ocrx_word' id='word_1_57' title='bbox 1358 995 1558 1066; x_wconf 62' lang='grc' dir='ltr'><em>ἀληθῆ]</em></span> <span class='ocrx_word' id='word_1_58' title='bbox 1593 956 1807 1068; x_wconf 54' lang='grc' dir='ltr'><em>λέγεται</em></span> 
     </span>
    </p>
   </div>
   <div class='ocr_carea' id='block_1_10' title="bbox 117 1075 1810 1156">
    <p class='ocr_par' dir='ltr' id='par_1_10' title="bbox 117 1075 1810 1156">
     <span class='ocr_line' id='line_1_12' title="bbox 117 1075 1810 1156; baseline 0.003 -22"><span class='ocrx_word' id='word_1_59' title='bbox 117 1075 182 1136; x_wconf 79' lang='grc' dir='ltr'><strong>τὸ</strong></span> <span class='ocrx_word' id='word_1_60' title='bbox 243 1081 496 1136; x_wconf 80' lang='grc' dir='ltr'><em>ποικίλον</em></span> <span class='ocrx_word' id='word_1_61' title='bbox 553 1075 692 1134; x_wconf 79' lang='grc' dir='ltr'><em>εἶναι</em></span> <span class='ocrx_word' id='word_1_62' title='bbox 744 1081 912 1134; x_wconf 83' lang='grc' dir='ltr'><em>τοῦτο</em></span> <span class='ocrx_word' id='word_1_63' title='bbox 955 1077 1020 1135; x_wconf 87' lang='grc' dir='ltr'><strong>τὸ</strong></span> <span class='ocrx_word' id='word_1_64' title='bbox 1064 1082 1302 1156; x_wconf 75' lang='grc' dir='ltr'><em>θηρίον,</em></span> <span class='ocrx_word' id='word_1_65' title='bbox 1339 1084 1434 1137; x_wconf 85' lang='grc' dir='ltr'><strong>καὶ</strong></span> <span class='ocrx_word' id='word_1_66' title='bbox 1475 1079 1540 1138; x_wconf 86' lang='grc' dir='ltr'><strong>τὸ</strong></span> <span class='ocrx_word' id='word_1_67' title='bbox 1586 1080 1810 1156; x_wconf 79' lang='grc' dir='ltr'><em>λεγόμε-</em></span> 
     </span>
    </p>
   </div>
   <div class='ocr_carea' id='block_1_11' title="bbox 115 1161 1238 1345">
    <p class='ocr_par' dir='ltr' id='par_1_11' title="bbox 115 1161 1238 1324">
     <span class='ocr_line' id='line_1_13' title="bbox 115 1161 1010 1245; baseline -0.002 -25"><span class='ocrx_word' id='word_1_68' title='bbox 115 1184 219 1221; x_wconf 86' lang='grc' dir='ltr'><strong>νον</strong></span> <span class='ocrx_word' id='word_1_69' title='bbox 264 1161 330 1220; x_wconf 81' lang='grc' dir='ltr'><em>οὐ</em></span> <span class='ocrx_word' id='word_1_70' title='bbox 374 1165 440 1240; x_wconf 81' lang='grc' dir='ltr'><strong>τῆ</strong></span> <span class='ocrx_word' id='word_1_71' title='bbox 483 1167 644 1233; x_wconf 79' lang='grc' dir='ltr'><em>ἑτὲοα</em></span> <span class='ocrx_word' id='word_1_72' title='bbox 684 1165 958 1233; x_wconf 82' lang='grc' dir='ltr'><em>ληπτέον,·</em></span> <span class='ocrx_word' id='word_1_73' title='bbox 1008 1242 1010 1245; x_wconf 13' lang='lat'><em>7</em></span> 
     </span>
     <span class='ocr_line' id='line_1_14' title="bbox 540 1243 1238 1345; baseline 0.001 -44"><span class='ocrx_word' id='word_1_74' title='bbox 540 1246 774 1302; x_wconf 81' lang='grc' dir='ltr'><em>Οὐκοῦν</em></span> <span class='ocrx_word' id='word_1_75' title='bbox 802 1243 1016 1345; x_wconf 75' lang='grc' dir='ltr'><em>οὲμφοῒν</em></span> <span class='ocrx_word' id='word_1_76' title='bbox 1052 1244 1182 1319; x_wconf 81' lang='grc' dir='ltr'><em>χρή.</em></span> <span class='ocrx_word' id='word_1_77' title='bbox 1230 1248 1238 1252; x_wconf 9' lang='grc' dir='ltr'>ἃ</span> 
     </span>
    </p>
   </div>
   <div class='ocr_carea' id='block_1_12' title="bbox 243 1248 453 1304">
    <p class='ocr_par' dir='ltr' id='par_1_12' title="bbox 243 1248 453 1304">
     <span class='ocr_line' id='line_1_15' title="bbox 243 1248 453 1304; baseline -0.011 0"><span class='ocrx_word' id='word_1_78' title='bbox 243 1248 453 1304; x_wconf 83' lang='grc' dir='ltr'><em>ΘΕΑΙ.</em></span> 
     </span>
    </p>
   </div>
   <div class='ocr_carea' id='block_1_13' title="bbox 109 1321 1807 1575">
    <p class='ocr_par' dir='ltr' id='par_1_13' title="bbox 109 1321 1805 1575">
     <span class='ocr_line' id='line_1_16' title="bbox 241 1321 1804 1412; baseline 0.001 -26"><span class='ocrx_word' id='word_1_79' title='bbox 241 1326 358 1394; x_wconf 78' lang='grc' dir='ltr'><strong>ΞΕ.</strong></span> <span class='ocrx_word' id='word_1_80' title='bbox 443 1327 571 1404; x_wconf 82' lang='grc' dir='ltr'><strong>Χρὴ</strong></span> <span class='ocrx_word' id='word_1_81' title='bbox 613 1326 722 1403; x_wconf 75' lang='grc' dir='ltr'><strong>γὰρ</strong></span> <span class='ocrx_word' id='word_1_82' title='bbox 768 1321 900 1396; x_wconf 76' lang='grc' dir='ltr'><em>οὖν,</em></span> <span class='ocrx_word' id='word_1_83' title='bbox 952 1334 1044 1386; x_wconf 88' lang='grc' dir='ltr'><strong>καὶ</strong></span> <span class='ocrx_word' id='word_1_84' title='bbox 1086 1352 1229 1386; x_wconf 89' lang='grc' dir='ltr'><em>κατα</em></span> <span class='ocrx_word' id='word_1_85' title='bbox 1277 1329 1515 1404; x_wconf 82' lang='grc' dir='ltr'><em>δύναμιν</em></span> <span class='ocrx_word' id='word_1_86' title='bbox 1561 1354 1620 1403; x_wconf 74' lang='grc' dir='ltr'><strong>γε</strong></span> <span class='ocrx_word' id='word_1_87' title='bbox 1659 1328 1804 1412; x_wconf 78' lang='grc' dir='ltr'><em>οὕτω</em></span> 
     </span>
     <span class='ocr_line' id='line_1_17' title="bbox 111 1412 1807 1486; baseline -0.001 -12"><span class='ocrx_word' id='word_1_88' title='bbox 111 1422 400 1484; x_wconf 80' lang='grc' dir='ltr'><em>ποιητέον,</em></span> <span class='ocrx_word' id='word_1_89' title='bbox 453 1412 665 1471; x_wconf 80' lang='grc' dir='ltr'><em>τοιόνδε</em></span> <span class='ocrx_word' id='word_1_90' title='bbox 730 1435 780 1468; x_wconf 87' lang='grc' dir='ltr'><strong>τι</strong></span> <span class='ocrx_word' id='word_1_91' title='bbox 830 1419 1216 1485; x_wconf 80' lang='grc' dir='ltr'><em>μεταθέοντας</em></span> <span class='ocrx_word' id='word_1_92' title='bbox 1274 1415 1422 1486; x_wconf 82' lang='grc' dir='ltr'><em>ἴχνος</em></span> <span class='ocrx_word' id='word_1_93' title='bbox 1463 1416 1657 1473; x_wconf 80' lang='grc' dir='ltr'><em>αὐτοῦ.</em></span> <span class='ocrx_word' id='word_1_94' title='bbox 1711 1421 1807 1472; x_wconf 88' lang='grc' dir='ltr'><strong>καί</strong></span> 
     </span>
     <span class='ocr_line' id='line_1_18' title="bbox 109 1497 1802 1575; baseline -0.001 -16"><span class='ocrx_word' id='word_1_95' title='bbox 109 1524 211 1575; x_wconf 85' lang='grc' dir='ltr'><strong>μοι</strong></span> <span class='ocrx_word' id='word_1_96' title='bbox 234 1504 375 1574; x_wconf 72' lang='grc' dir='ltr'><em>λέγε·</em></span> <span class='ocrx_word' id='word_1_97' title='bbox 422 1501 532 1554; x_wconf 83' lang='grc' dir='ltr'><strong>τῶν</strong></span> <span class='ocrx_word' id='word_1_98' title='bbox 561 1500 841 1555; x_wconf 79' lang='grc' dir='ltr'><em>οὶκετικῶν</em></span> <span class='ocrx_word' id='word_1_99' title='bbox 863 1497 1158 1572; x_wconf 73' lang='grc' dir='ltr'><em>ὀνομάτων</em></span> <span class='ocrx_word' id='word_1_100' title='bbox 1185 1502 1460 1573; x_wconf 79' lang='grc' dir='ltr'><em>καλοῦμεν</em></span> <span class='ocrx_word' id='word_1_101' title='bbox 1485 1497 1630 1556; x_wconf 76' lang='grc' dir='ltr'><em>ἄττα</em></span> <span class='ocrx_word' id='word_1_102' title='bbox 1658 1522 1802 1575; x_wconf 78' lang='grc' dir='ltr'><em>που;</em></span> 
     </span>
    </p>
   </div>
   <div class='ocr_carea' id='block_1_14' title="bbox 223 1657 1804 1717">
    <p class='ocr_par' dir='ltr' id='par_1_14' title="bbox 223 1657 1804 1717">
     <span class='ocr_line' id='line_1_19' title="bbox 223 1657 1804 1717; baseline 0.003 -13"><span class='ocrx_word' id='word_1_103' title='bbox 223 1659 326 1705; x_wconf 75' lang='grc' dir='ltr'><strong>τᾶν</strong></span> <span class='ocrx_word' id='word_1_104' title='bbox 353 1658 844 1716; x_wconf 78' lang='grc' dir='ltr'><em>μεταδιωκόμενον</em></span> <span class='ocrx_word' id='word_1_105' title='bbox 871 1657 962 1715; x_wconf 61' lang='grc' dir='ltr'><strong>ὑφ’</strong></span> <span class='ocrx_word' id='word_1_106' title='bbox 989 1657 1156 1717; x_wconf 70' lang='grc' dir='ltr'><em>ἡμῶν]</em></span> <span class='ocrx_word' id='word_1_107' title='bbox 1192 1662 1271 1704; x_wconf 75' lang='grc' dir='ltr'><strong>τόν</strong></span> <span class='ocrx_word' id='word_1_108' title='bbox 1298 1675 1384 1706; x_wconf 90' lang='lat' dir='ltr'><strong>om.</strong></span> <span class='ocrx_word' id='word_1_109' title='bbox 1412 1663 1538 1706; x_wconf 85' lang='lat' dir='ltr'><strong>Bodl.</strong></span> <span class='ocrx_word' id='word_1_110' title='bbox 1570 1664 1668 1708; x_wconf 82' lang='lat' dir='ltr'><strong>vat.</strong></span> <span class='ocrx_word' id='word_1_111' title='bbox 1695 1665 1804 1708; x_wconf 76' lang='lat' dir='ltr'><strong>Ven-</strong></span> 
     </span>
    </p>
   </div>
   <div class='ocr_carea' id='block_1_15' title="bbox 109 1719 726 1766">
    <p class='ocr_par' dir='ltr' id='par_1_15' title="bbox 109 1719 726 1766">
     <span class='ocr_line' id='line_1_20' title="bbox 109 1719 726 1766; baseline -0.008 -1"><span class='ocrx_word' id='word_1_112' title='bbox 109 1721 173 1766; x_wconf 83' lang='lat'><strong>11.</strong></span> <span class='ocrx_word' id='word_1_113' title='bbox 206 1726 251 1763; x_wconf 88' lang='lat' dir='ltr'><strong>et</strong></span> <span class='ocrx_word' id='word_1_114' title='bbox 281 1719 464 1762; x_wconf 72' lang='lat' dir='ltr'>extrusit</span> <span class='ocrx_word' id='word_1_115' title='bbox 485 1719 726 1760; x_wconf 77' lang='lat' dir='ltr'><strong>Bekkerus.</strong></span> 
     </span>
    </p>
   </div>
   <div class='ocr_carea' id='block_1_16' title="bbox 785 1719 1805 1774">
    <p class='ocr_par' dir='ltr' id='par_1_16' title="bbox 785 1719 1805 1774">
     <span class='ocr_line' id='line_1_21' title="bbox 785 1719 1805 1774; baseline 0.005 -15"><span class='ocrx_word' id='word_1_116' title='bbox 785 1719 887 1760; x_wconf 77' lang='lat' dir='ltr'><strong>Quo</strong></span> <span class='ocrx_word' id='word_1_117' title='bbox 917 1719 1008 1760; x_wconf 89' lang='lat' dir='ltr'><strong>iure</strong></span> <span class='ocrx_word' id='word_1_118' title='bbox 1035 1732 1132 1761; x_wconf 78' lang='lat' dir='ltr'><strong>voc.</strong></span> <span class='ocrx_word' id='word_1_119' title='bbox 1162 1721 1487 1774; x_wconf 75' lang='lat' dir='ltr'><strong>servaverimus,</strong></span> <span class='ocrx_word' id='word_1_120' title='bbox 1520 1722 1691 1764; x_wconf 81' lang='lat' dir='ltr'>docebit</span> <span class='ocrx_word' id='word_1_121' title='bbox 1721 1735 1805 1764; x_wconf 89' lang='lat' dir='ltr'><strong>an-</strong></span> 
     </span>
    </p>
   </div>
   <div class='ocr_carea' id='block_1_17' title="bbox 108 1774 1805 1957">
    <p class='ocr_par' dir='ltr' id='par_1_17' title="bbox 108 1774 1805 1944">
     <span class='ocr_line' id='line_1_22' title="bbox 108 1774 1805 1831; baseline 0.001 -10"><span class='ocrx_word' id='word_1_122' title='bbox 108 1779 281 1822; x_wconf 80' lang='lat' dir='ltr'><strong>notatio</strong></span> <span class='ocrx_word' id='word_1_123' title='bbox 321 1777 378 1819; x_wconf 85' lang='lat' dir='ltr'><strong>ad</strong></span> <span class='ocrx_word' id='word_1_124' title='bbox 419 1777 622 1829; x_wconf 77' lang='lat' dir='ltr'><strong>Sympos.</strong></span> <span class='ocrx_word' id='word_1_125' title='bbox 652 1780 751 1819; x_wconf 83' lang='lat'><strong>213.</strong></span> <span class='ocrx_word' id='word_1_126' title='bbox 781 1774 836 1818; x_wconf 86' lang='lat' dir='ltr'><strong>E.</strong></span> <span class='ocrx_word' id='word_1_127' title='bbox 874 1780 917 1817; x_wconf 85' lang='lat' dir='ltr'><strong>et</strong></span> <span class='ocrx_word' id='word_1_128' title='bbox 946 1776 1102 1831; x_wconf 87' lang='lat' dir='ltr'><strong>Remp.</strong></span> <span class='ocrx_word' id='word_1_129' title='bbox 1131 1776 1207 1819; x_wconf 84' lang='lat' dir='ltr'><strong>IX.</strong></span> <span class='ocrx_word' id='word_1_130' title='bbox 1235 1792 1277 1831; x_wconf 90' lang='lat' dir='ltr'><strong>p.</strong></span> <span class='ocrx_word' id='word_1_131' title='bbox 1313 1783 1408 1818; x_wconf 85' lang='grc'><em>590.</em></span> <span class='ocrx_word' id='word_1_132' title='bbox 1439 1780 1491 1821; x_wconf 78' lang='grc' dir='ltr'><strong>Α.</strong></span> <span class='ocrx_word' id='word_1_133' title='bbox 1549 1780 1719 1821; x_wconf 74' lang='lat' dir='ltr'><strong>Scilicet</strong></span> <span class='ocrx_word' id='word_1_134' title='bbox 1748 1791 1805 1823; x_wconf 77' lang='lat' dir='ltr'><strong>ex</strong></span> 
     </span>
     <span class='ocr_line' id='line_1_23' title="bbox 109 1833 1805 1887; baseline -0.001 -8"><span class='ocrx_word' id='word_1_135' title='bbox 109 1837 271 1879; x_wconf 84' lang='lat' dir='ltr'><strong>talibus</strong></span> <span class='ocrx_word' id='word_1_136' title='bbox 312 1835 440 1876; x_wconf 79' lang='lat' dir='ltr'><strong>facile</strong></span> <span class='ocrx_word' id='word_1_137' title='bbox 481 1846 718 1887; x_wconf 79' lang='lat' dir='ltr'>cognoscas</span> <span class='ocrx_word' id='word_1_138' title='bbox 759 1833 826 1874; x_wconf 87' lang='lat' dir='ltr'><strong>vel</strong></span> <span class='ocrx_word' id='word_1_139' title='bbox 869 1834 1058 1886; x_wconf 84' lang='lat' dir='ltr'><strong>optimos</strong></span> <span class='ocrx_word' id='word_1_140' title='bbox 1087 1834 1212 1875; x_wconf 87' lang='lat' dir='ltr'>codd.</span> <span class='ocrx_word' id='word_1_141' title='bbox 1246 1848 1394 1876; x_wconf 79' lang='lat' dir='ltr'><strong>manus</strong></span> <span class='ocrx_word' id='word_1_142' title='bbox 1426 1837 1671 1878; x_wconf 79' lang='lat' dir='ltr'><strong>criticorum</strong></span> <span class='ocrx_word' id='word_1_143' title='bbox 1703 1849 1805 1878; x_wconf 84' lang='lat' dir='ltr'><strong>cor·-</strong></span> 
     </span>
     <span class='ocr_line' id='line_1_24' title="bbox 108 1890 1804 1957; baseline -0.001 -21"><span class='ocrx_word' id='word_1_144' title='bbox 108 1893 316 1937; x_wconf 73' lang='lat' dir='ltr'><strong>rectrices</strong></span> <span class='ocrx_word' id='word_1_145' title='bbox 349 1896 554 1944; x_wconf 83' lang='lat' dir='ltr'><strong>expertos</strong></span> <span class='ocrx_word' id='word_1_146' title='bbox 586 1903 706 1957; x_wconf 58' lang='lat' dir='ltr'><strong>esse3</strong></span> <span class='ocrx_word' id='word_1_147' title='bbox 746 1890 1028 1943; x_wconf 72' lang='lat' dir='ltr'><strong>quamobrem</strong></span> <span class='ocrx_word' id='word_1_148' title='bbox 1058 1891 1341 1935; x_wconf 84' lang='lat' dir='ltr'><strong>inconsultum</strong></span> <span class='ocrx_word' id='word_1_149' title='bbox 1374 1897 1443 1934; x_wconf 83' lang='lat' dir='ltr'><strong>est</strong></span> <span class='ocrx_word' id='word_1_150' title='bbox 1472 1907 1620 1936; x_wconf 89' lang='lat' dir='ltr'><strong>eorum</strong></span> <span class='ocrx_word' id='word_1_151' title='bbox 1650 1898 1804 1936; x_wconf 87' lang='lat' dir='ltr'><strong>aucto-</strong></span> 
     </span>
    </p>
   </div>
   <div class='ocr_carea' id='block_1_18' title="bbox 106 1947 778 2049">
    <p class='ocr_par' dir='ltr' id='par_1_18' title="bbox 106 1947 778 2049">
     <span class='ocr_line' id='line_1_25' title="bbox 106 1947 778 2049; baseline -0.008 -55"><span class='ocrx_word' id='word_1_152' title='bbox 106 1951 283 2049; x_wconf 40' lang='lat' dir='ltr'><strong>ritatzgn</strong></span> <span class='ocrx_word' id='word_1_153' title='bbox 311 1949 472 2000; x_wconf 87' lang='lat' dir='ltr'><strong>ubique</strong></span> <span class='ocrx_word' id='word_1_154' title='bbox 501 1947 638 2015; x_wconf 78' lang='lat' dir='ltr'><strong>sequi</strong></span> <span class='ocrx_word' id='word_1_155' title='bbox 654 1947 778 1989; x_wconf 83' lang='lat' dir='ltr'><strong>velle.</strong></span> 
     </span>
     <span class='ocr_line' id='line_1_26' title="bbox 319 2011 417 2047; baseline -0.012 -2"><span class='ocrx_word' id='word_1_156' title='bbox 319 2011 417 2047; x_wconf 89' lang='grc'><em>226.</em></span> 
     </span>
    </p>
   </div>
   <div class='ocr_carea' id='block_1_19' title="bbox 105 2063 770 2115">
    <p class='ocr_par' dir='ltr' id='par_1_19' title="bbox 105 2063 770 2115">
     <span class='ocr_line' id='line_1_27' title="bbox 105 2063 770 2115; baseline -0.008 -8"><span class='ocrx_word' id='word_1_157' title='bbox 105 2063 265 2108; x_wconf 83' lang='lat' dir='ltr'><strong>habent</strong></span> <span class='ocrx_word' id='word_1_158' title='bbox 292 2063 410 2111; x_wconf 79' lang='lat' dir='ltr'><strong>libri,</strong></span> <span class='ocrx_word' id='word_1_159' title='bbox 438 2066 487 2102; x_wconf 90' lang='lat' dir='ltr'><strong>ut</strong></span> <span class='ocrx_word' id='word_1_160' title='bbox 516 2075 559 2115; x_wconf 88' lang='lat' dir='ltr'><strong>p.</strong></span> <span class='ocrx_word' id='word_1_161' title='bbox 590 2065 688 2103; x_wconf 84' lang='lat'><strong>225.</strong></span> <span class='ocrx_word' id='word_1_162' title='bbox 717 2063 770 2103; x_wconf 90' lang='lat' dir='ltr'><strong>A.</strong></span> 
     </span>
    </p>
   </div>
   <div class='ocr_carea' id='block_1_20' title="bbox 484 1999 1806 2064">
    <p class='ocr_par' dir='ltr' id='par_1_20' title="bbox 484 1999 1806 2064">
     <span class='ocr_line' id='line_1_28' title="bbox 484 1999 1806 2064; baseline 0.004 -20"><span class='ocrx_word' id='word_1_163' title='bbox 484 2003 575 2056; x_wconf 79' lang='grc' dir='ltr'><em>τῆς</em></span> <span class='ocrx_word' id='word_1_164' title='bbox 611 1999 1129 2061; x_wconf 76' lang='grc' dir='ltr'><em>οἷμφισβητητικῆς]</em></span> <span class='ocrx_word' id='word_1_165' title='bbox 1165 2004 1253 2048; x_wconf 87' lang='lat' dir='ltr'><strong>Hic</strong></span> <span class='ocrx_word' id='word_1_166' title='bbox 1283 2017 1458 2060; x_wconf 81' lang='lat' dir='ltr'><strong>quoque</strong></span> <span class='ocrx_word' id='word_1_167' title='bbox 1490 2004 1806 2064; x_wconf 77' lang='grc' dir='ltr'><em>ἅμφισβητικῆς</em></span> 
     </span>
    </p>
   </div>
   <div class='ocr_carea' id='block_1_21' title="bbox 104 2112 1804 2222">
    <p class='ocr_par' dir='ltr' id='par_1_21' title="bbox 104 2112 1804 2222">
     <span class='ocr_line' id='line_1_29' title="bbox 222 2112 1804 2172; baseline 0.004 -12"><span class='ocrx_word' id='word_1_168' title='bbox 222 2118 286 2168; x_wconf 82' lang='grc' dir='ltr'><strong>ὦς</strong></span> <span class='ocrx_word' id='word_1_169' title='bbox 324 2116 519 2171; x_wconf 73' lang='grc' dir='ltr'><em>ἀληθῆ</em></span> <span class='ocrx_word' id='word_1_170' title='bbox 557 2118 802 2172; x_wconf 70' lang='grc' dir='ltr'><em>λέγεται]</em></span> <span class='ocrx_word' id='word_1_171' title='bbox 843 2117 894 2160; x_wconf 89' lang='lat' dir='ltr'><strong>V.</strong></span> <span class='ocrx_word' id='word_1_172' title='bbox 930 2112 1122 2171; x_wconf 67' lang='grc' dir='ltr'><strong>άληθῶς,</strong></span> <span class='ocrx_word' id='word_1_173' title='bbox 1179 2118 1294 2163; x_wconf 90' lang='lat' dir='ltr'><strong>Illud</strong></span> <span class='ocrx_word' id='word_1_174' title='bbox 1322 2119 1483 2164; x_wconf 83' lang='lat' dir='ltr'><strong>habent</strong></span> <span class='ocrx_word' id='word_1_175' title='bbox 1509 2119 1638 2165; x_wconf 89' lang='lat' dir='ltr'><strong>Bodl.</strong></span> <span class='ocrx_word' id='word_1_176' title='bbox 1667 2120 1804 2166; x_wconf 84' lang='lat' dir='ltr'><strong>Coisl.</strong></span> 
     </span>
     <span class='ocr_line' id='line_1_30' title="bbox 104 2174 1143 2222; baseline -0.004 0"><span class='ocrx_word' id='word_1_177' title='bbox 104 2176 204 2222; x_wconf 79' lang='lat' dir='ltr'><strong>Vat.</strong></span> <span class='ocrx_word' id='word_1_178' title='bbox 231 2178 339 2221; x_wconf 86' lang='lat' dir='ltr'><strong>Ven.</strong></span> <span class='ocrx_word' id='word_1_179' title='bbox 366 2174 485 2218; x_wconf 84' lang='grc' dir='ltr'><strong>ΛΠ.</strong></span> <span class='ocrx_word' id='word_1_180' title='bbox 512 2175 614 2219; x_wconf 87' lang='lat' dir='ltr'><strong>Par.</strong></span> <span class='ocrx_word' id='word_1_181' title='bbox 643 2176 804 2218; x_wconf 86' lang='lat' dir='ltr'><strong>BCH.</strong></span> <span class='ocrx_word' id='word_1_182' title='bbox 830 2175 951 2219; x_wconf 84' lang='lat' dir='ltr'><strong>Flor.</strong></span> <span class='ocrx_word' id='word_1_183' title='bbox 979 2177 1021 2219; x_wconf 91' lang='lat' dir='ltr'><strong>b.</strong></span> <span class='ocrx_word' id='word_1_184' title='bbox 1049 2188 1087 2219; x_wconf 89' lang='lat' dir='ltr'><strong>c.</strong></span> <span class='ocrx_word' id='word_1_185' title='bbox 1114 2175 1143 2218; x_wconf 88' lang='lat' dir='ltr'><strong>i.</strong></span> 
     </span>
    </p>
   </div>
   <div class='ocr_carea' id='block_1_22' title="bbox 100 2316 916 2600">
    <p class='ocr_par' dir='ltr' id='par_1_22' title="bbox 101 2316 916 2487">
     <span class='ocr_line' id='line_1_31' title="bbox 102 2316 912 2372; baseline -0.004 -12"><span class='ocrx_word' id='word_1_186' title='bbox 102 2330 251 2360; x_wconf 81' lang='grc' dir='ltr'><em>πασαν</em></span> <span class='ocrx_word' id='word_1_187' title='bbox 279 2317 524 2372; x_wconf 76' lang='grc' dir='ltr'><em>λέγωμεν-κ.</em></span> <span class='ocrx_word' id='word_1_188' title='bbox 556 2332 596 2358; x_wconf 88' lang='grc' dir='ltr'><em>τ.</em></span> <span class='ocrx_word' id='word_1_189' title='bbox 629 2316 664 2357; x_wconf 84' lang='grc' dir='ltr'><strong>λ.</strong></span> <span class='ocrx_word' id='word_1_190' title='bbox 688 2321 793 2371; x_wconf 88' lang='lat' dir='ltr'><strong>etp.</strong></span> <span class='ocrx_word' id='word_1_191' title='bbox 814 2319 912 2357; x_wconf 81' lang='grc'><em>223.</em></span> 
     </span>
     <span class='ocr_line' id='line_1_32' title="bbox 102 2371 916 2435; baseline -0.007 -16"><span class='ocrx_word' id='word_1_192' title='bbox 102 2375 157 2419; x_wconf 91' lang='grc' dir='ltr'><em>Β.</em></span> <span class='ocrx_word' id='word_1_193' title='bbox 201 2373 274 2435; x_wconf 62' lang='grc' dir='ltr'><strong>(δήυ</strong></span> <span class='ocrx_word' id='word_1_194' title='bbox 294 2376 338 2417; x_wconf 86' lang='lat' dir='ltr'><strong>in</strong></span> <span class='ocrx_word' id='word_1_195' title='bbox 378 2375 540 2417; x_wconf 76' lang='lat' dir='ltr'><strong>verbis.</strong></span> <span class='ocrx_word' id='word_1_196' title='bbox 579 2372 707 2415; x_wconf 79' lang='grc' dir='ltr'><em>Κατὰ</em></span> <span class='ocrx_word' id='word_1_197' title='bbox 748 2373 801 2427; x_wconf 71' lang='grc' dir='ltr'><strong>δὴ</strong></span> <span class='ocrx_word' id='word_1_198' title='bbox 834 2371 916 2416; x_wconf 72' lang='grc' dir='ltr'><strong>τὸν</strong></span> 
     </span>
     <span class='ocr_line' id='line_1_33' title="bbox 101 2431 912 2500; baseline -0.004 -26"><span class='ocrx_word' id='word_1_199' title='bbox 101 2433 206 2481; x_wconf 76' lang='grc' dir='ltr'><em>νῦν,</em></span> <span class='ocrx_word' id='word_1_200' title='bbox 237 2450 268 2474; x_wconf 89' lang='grc' dir='ltr'><em>ω</em></span> <span class='ocrx_word' id='word_1_201' title='bbox 306 2433 541 2492; x_wconf 79' lang='grc' dir='ltr'><em>Θεαίτητε,</em></span> <span class='ocrx_word' id='word_1_202' title='bbox 561 2431 700 2500; x_wconf 69' lang='grc' dir='ltr'><em>λόγον</em></span> <span class='ocrx_word' id='word_1_203' title='bbox 733 2448 771 2473; x_wconf 85' lang='grc' dir='ltr'><strong>κ.</strong></span> <span class='ocrx_word' id='word_1_204' title='bbox 803 2447 841 2472; x_wconf 91' lang='grc' dir='ltr'><em>τ.</em></span> <span class='ocrx_word' id='word_1_205' title='bbox 874 2431 912 2472; x_wconf 82' lang='grc' dir='ltr'><strong>λ.</strong></span> 
     </span>
    </p>

    <p class='ocr_par' dir='ltr' id='par_1_23' title="bbox 100 2486 914 2596">
     <span class='ocr_line' id='line_1_34' title="bbox 152 2486 914 2558; baseline -0.009 -26.888"><span class='ocrx_word' id='word_1_206' title='bbox 152 2488 235 2546; x_wconf 68' lang='lat' dir='ltr'><strong>‘Oq</strong></span> <span class='ocrx_word' id='word_1_207' title='bbox 246 2490 299 2558; x_wconf 69' lang='grc' dir='ltr'><strong>οἷς</strong></span> <span class='ocrx_word' id='word_1_208' title='bbox 329 2506 420 2530; x_wconf 87' lang='grc' dir='ltr'><strong>ουν</strong></span> <span class='ocrx_word' id='word_1_209' title='bbox 451 2487 516 2536; x_wconf 79' lang='grc' dir='ltr'><strong>ὥς</strong></span> <span class='ocrx_word' id='word_1_210' title='bbox 544 2486 736 2544; x_wconf 53' lang='lat' dir='ltr'><strong>aanor?</strong></span> <span class='ocrx_word' id='word_1_211' title='bbox 765 2489 914 2543; x_wconf 76' lang='grc' dir='ltr'><strong>λέγε-</strong></span> 
     </span>
     <span class='ocr_line' id='line_1_35' title="bbox 100 2505 912 2600; baseline -0.002 -11"><span class='ocrx_word' id='word_1_212' title='bbox 100 2562 198 2589; x_wconf 83' lang='grc' dir='ltr'><strong>ται</strong></span> <span class='ocrx_word' id='word_1_213' title='bbox 211 2505 285 2588; x_wconf 59' lang='lat' dir='ltr'><strong>etri</strong></span> <span class='ocrx_word' id='word_1_214' title='bbox 325 2547 611 2596; x_wconf 81' lang='grc' dir='ltr'><em>ποικίλον]</em></span> <span class='ocrx_word' id='word_1_215' title='bbox 681 2547 838 2600; x_wconf 81' lang='lat' dir='ltr'><strong>Iungas</strong></span> <span class='ocrx_word' id='word_1_216' title='bbox 868 2546 912 2587; x_wconf 85' lang='lat' dir='ltr'><strong>in</strong></span> 
     </span>
    </p>
   </div>
   <div class='ocr_carea' id='block_1_23' title="bbox 100 2598 912 2711">
    <p class='ocr_par' dir='ltr' id='par_1_24' title="bbox 100 2598 912 2711">
     <span class='ocr_line' id='line_1_36' title="bbox 102 2598 912 2669; baseline -0.004 -23"><span class='ocrx_word' id='word_1_217' title='bbox 102 2601 216 2646; x_wconf 82' lang='lat' dir='ltr'><strong>hunc</strong></span> <span class='ocrx_word' id='word_1_218' title='bbox 247 2604 447 2646; x_wconf 88' lang='lat' dir='ltr'><strong>modum.</strong></span> <span class='ocrx_word' id='word_1_219' title='bbox 478 2598 532 2650; x_wconf 78' lang='grc' dir='ltr'><strong>ὥς</strong></span> <span class='ocrx_word' id='word_1_220' title='bbox 550 2599 709 2655; x_wconf 73' lang='grc' dir='ltr'><em>ἀληθῆ</em></span> <span class='ocrx_word' id='word_1_221' title='bbox 742 2606 912 2669; x_wconf 72' lang='grc' dir='ltr'><em>λέγεται</em></span> 
     </span>
     <span class='ocr_line' id='line_1_37' title="bbox 100 2658 909 2711; baseline -0.002 -9"><span class='ocrx_word' id='word_1_222' title='bbox 100 2660 154 2702; x_wconf 72' lang='grc' dir='ltr'><strong>τό</strong></span> <span class='ocrx_word' id='word_1_223' title='bbox 187 2661 298 2704; x_wconf 77' lang='grc' dir='ltr'><em>εἶναι</em></span> <span class='ocrx_word' id='word_1_224' title='bbox 334 2658 525 2700; x_wconf 72' lang='grc' dir='ltr'><em>ποικίλον</em></span> <span class='ocrx_word' id='word_1_225' title='bbox 566 2675 703 2701; x_wconf 83' lang='grc' dir='ltr'><em>τουτο</em></span> <span class='ocrx_word' id='word_1_226' title='bbox 735 2676 784 2700; x_wconf 84' lang='grc' dir='ltr'><strong>το</strong></span> <span class='ocrx_word' id='word_1_227' title='bbox 818 2663 909 2711; x_wconf 74' lang='grc' dir='ltr'><strong>θη-</strong></span> 
     </span>
    </p>
   </div>
   <div class='ocr_carea' id='block_1_24' title="bbox 99 2716 909 2826">
    <p class='ocr_par' dir='ltr' id='par_1_25' title="bbox 99 2716 909 2826">
     <span class='ocr_line' id='line_1_38' title="bbox 102 2716 909 2784; baseline 0 -28"><span class='ocrx_word' id='word_1_228' title='bbox 102 2718 226 2771; x_wconf 63' lang='lat' dir='ltr'><strong>elme,-</strong></span> <span class='ocrx_word' id='word_1_229' title='bbox 263 2729 363 2758; x_wconf 81' lang='lat' dir='ltr'><strong>nam</strong></span> <span class='ocrx_word' id='word_1_230' title='bbox 402 2716 604 2757; x_wconf 83' lang='lat' dir='ltr'><strong>articulus</strong></span> <span class='ocrx_word' id='word_1_231' title='bbox 635 2717 824 2784; x_wconf 83' lang='lat' dir='ltr'><strong>pertinet</strong></span> <span class='ocrx_word' id='word_1_232' title='bbox 852 2716 909 2756; x_wconf 86' lang='lat' dir='ltr'><strong>ad</strong></span> 
     </span>
     <span class='ocr_line' id='line_1_39' title="bbox 99 2769 908 2826; baseline -0.006 -10"><span class='ocrx_word' id='word_1_233' title='bbox 99 2774 360 2816; x_wconf 83' lang='lat' dir='ltr'><strong>infinitivum.</strong></span> <span class='ocrx_word' id='word_1_234' title='bbox 421 2772 511 2813; x_wconf 90' lang='lat' dir='ltr'><strong>Pro</strong></span> <span class='ocrx_word' id='word_1_235' title='bbox 533 2774 708 2826; x_wconf 80' lang='lat' dir='ltr'><strong>vulgato</strong></span> <span class='ocrx_word' id='word_1_236' title='bbox 726 2769 908 2825; x_wconf 76' lang='grc' dir='ltr'><em>ἀληθῶς</em></span> 
     </span>
    </p>
   </div>
   <div class='ocr_carea' id='block_1_25' title="bbox 99 2828 944 2885">
    <p class='ocr_par' dir='ltr' id='par_1_26' title="bbox 99 2828 944 2885">
     <span class='ocr_line' id='line_1_40' title="bbox 99 2828 944 2885; baseline -0.004 -13"><span class='ocrx_word' id='word_1_237' title='bbox 99 2843 212 2873; x_wconf 86' lang='lat' dir='ltr'><strong>nunc</strong></span> <span class='ocrx_word' id='word_1_238' title='bbox 254 2833 492 2885; x_wconf 84' lang='lat' dir='ltr'><strong>praeeunte</strong></span> <span class='ocrx_word' id='word_1_239' title='bbox 541 2828 614 2870; x_wconf 88' lang='lat' dir='ltr'><strong>Be</strong></span> <span class='ocrx_word' id='word_1_240' title='bbox 629 2830 655 2870; x_wconf 82' lang='lat' dir='ltr'><strong>k</strong></span> <span class='ocrx_word' id='word_1_241' title='bbox 670 2831 766 2870; x_wconf 65' lang='lat' dir='ltr'><strong>leet</strong></span> <span class='ocrx_word' id='word_1_242' title='bbox 778 2842 804 2869; x_wconf 92' lang='lat' dir='ltr'>o</span> <span class='ocrx_word' id='word_1_243' title='bbox 854 2841 909 2870; x_wconf 84' lang='lat' dir='ltr'><strong>ex</strong></span> <span class='ocrx_word' id='word_1_244' title='bbox 939 2855 944 2861; x_wconf 85' lang='lat'>-</span> 
     </span>
    </p>
   </div>
   <div class='ocr_carea' id='block_1_26' title="bbox 78 2881 911 3457">
    <p class='ocr_par' dir='ltr' id='par_1_27' title="bbox 78 2881 911 3457">
     <span class='ocr_line' id='line_1_41' title="bbox 100 2881 910 2938; baseline -0.005 -8"><span class='ocrx_word' id='word_1_245' title='bbox 100 2888 226 2931; x_wconf 89' lang='lat' dir='ltr'><strong>codd.</strong></span> <span class='ocrx_word' id='word_1_246' title='bbox 267 2887 533 2936; x_wconf 80' lang='lat' dir='ltr'><strong>restituimus</strong></span> <span class='ocrx_word' id='word_1_247' title='bbox 574 2881 754 2938; x_wconf 65' lang='grc' dir='ltr'><em>ἀληθῆ,</em></span> <span class='ocrx_word' id='word_1_248' title='bbox 792 2885 910 2937; x_wconf 89' lang='lat' dir='ltr'><strong>quod</strong></span> 
     </span>
     <span class='ocr_line' id='line_1_42' title="bbox 100 2941 909 2994; baseline -0.006 -7"><span class='ocrx_word' id='word_1_249' title='bbox 100 2956 249 2987; x_wconf 80' lang='lat' dir='ltr'><strong>rursus</strong></span> <span class='ocrx_word' id='word_1_250' title='bbox 287 2949 499 2986; x_wconf 83' lang='lat' dir='ltr'><strong>mutatum</strong></span> <span class='ocrx_word' id='word_1_251' title='bbox 535 2943 588 2983; x_wconf 84' lang='lat' dir='ltr'><strong>ab</strong></span> <span class='ocrx_word' id='word_1_252' title='bbox 619 2943 669 2983; x_wconf 82' lang='lat' dir='ltr'><strong>iis</strong></span> <span class='ocrx_word' id='word_1_253' title='bbox 700 2946 783 2994; x_wconf 81' lang='lat' dir='ltr'><strong>est,</strong></span> <span class='ocrx_word' id='word_1_254' title='bbox 814 2941 909 2994; x_wconf 89' lang='lat' dir='ltr'><strong>qui-</strong></span> 
     </span>
     <span class='ocr_line' id='line_1_43' title="bbox 97 2999 911 3052; baseline -0.004 -9"><span class='ocrx_word' id='word_1_255' title='bbox 97 3001 180 3043; x_wconf 85' lang='lat' dir='ltr'><strong>bus</strong></span> <span class='ocrx_word' id='word_1_256' title='bbox 223 3001 330 3042; x_wconf 78' lang='lat' dir='ltr'><strong>haec</strong></span> <span class='ocrx_word' id='word_1_257' title='bbox 379 2999 580 3052; x_wconf 88' lang='lat' dir='ltr'><strong>loquendi</strong></span> <span class='ocrx_word' id='word_1_258' title='bbox 629 3001 739 3040; x_wconf 84' lang='lat' dir='ltr'><strong>ratio</strong></span> <span class='ocrx_word' id='word_1_259' title='bbox 793 3003 911 3040; x_wconf 87' lang='lat' dir='ltr'><strong>esset</strong></span> 
     </span>
     <span class='ocr_line' id='line_1_44' title="bbox 98 3054 905 3108; baseline -0.006 -8"><span class='ocrx_word' id='word_1_260' title='bbox 98 3058 338 3101; x_wconf 73' lang='lat' dir='ltr'><strong>offensioni.</strong></span> <span class='ocrx_word' id='word_1_261' title='bbox 399 3056 489 3098; x_wconf 88' lang='lat' dir='ltr'><strong>Sed</strong></span> <span class='ocrx_word' id='word_1_262' title='bbox 511 3055 622 3097; x_wconf 84' lang='lat' dir='ltr'><strong>conf.</strong></span> <span class='ocrx_word' id='word_1_263' title='bbox 654 3054 831 3097; x_wconf 81' lang='lat' dir='ltr'><strong>Lachet.</strong></span> <span class='ocrx_word' id='word_1_264' title='bbox 864 3069 905 3108; x_wconf 88' lang='lat' dir='ltr'><strong>p.</strong></span> 
     </span>
     <span class='ocr_line' id='line_1_45' title="bbox 99 3110 905 3166; baseline -0.005 -11"><span class='ocrx_word' id='word_1_265' title='bbox 99 3119 197 3156; x_wconf 90' lang='grc'><em>186.</em></span> <span class='ocrx_word' id='word_1_266' title='bbox 231 3116 287 3156; x_wconf 85' lang='grc' dir='ltr'><strong>Α.’</strong></span> <span class='ocrx_word' id='word_1_267' title='bbox 313 3113 447 3155; x_wconf 75' lang='grc' dir='ltr'><em>τοῦτο</em></span> <span class='ocrx_word' id='word_1_268' title='bbox 476 3116 551 3166; x_wconf 72' lang='grc' dir='ltr'><strong>μὲν</strong></span> <span class='ocrx_word' id='word_1_269' title='bbox 579 3110 731 3165; x_wconf 81' lang='grc' dir='ltr'><em>οἷληθη</em></span> <span class='ocrx_word' id='word_1_270' title='bbox 760 3114 905 3165; x_wconf 73' lang='grc' dir='ltr'><em>λέγεις.</em></span> 
     </span>
     <span class='ocr_line' id='line_1_46' title="bbox 78 3167 906 3224; baseline -0.011 -7"><span class='ocrx_word' id='word_1_271' title='bbox 78 3170 271 3217; x_wconf 86' lang='lat' dir='ltr'><strong>.Men0n.</strong></span> <span class='ocrx_word' id='word_1_272' title='bbox 302 3184 343 3224; x_wconf 84' lang='lat' dir='ltr'><strong>p.</strong></span> <span class='ocrx_word' id='word_1_273' title='bbox 386 3176 452 3210; x_wconf 84' lang='lat'><strong>98.</strong></span> <span class='ocrx_word' id='word_1_274' title='bbox 485 3170 536 3212; x_wconf 90' lang='lat' dir='ltr'><strong>B.</strong></span> <span class='ocrx_word' id='word_1_275' title='bbox 571 3185 642 3209; x_wconf 84' lang='grc' dir='ltr'><em>και</em></span> <span class='ocrx_word' id='word_1_276' title='bbox 670 3167 805 3211; x_wconf 64' lang='lat' dir='ltr'><strong>‘muro&#39;</strong></span> <span class='ocrx_word' id='word_1_277' title='bbox 828 3183 906 3223; x_wconf 73' lang='grc' dir='ltr'><strong>μοι</strong></span> 
     </span>
     <span class='ocr_line' id='line_1_47' title="bbox 97 3225 905 3281; baseline -0.01 -10"><span class='ocrx_word' id='word_1_278' title='bbox 97 3231 237 3275; x_wconf 77' lang='grc' dir='ltr'><em>δοκεῖς</em></span> <span class='ocrx_word' id='word_1_279' title='bbox 286 3225 440 3281; x_wconf 73' lang='grc' dir='ltr'><em>ἇληθη</em></span> <span class='ocrx_word' id='word_1_280' title='bbox 486 3228 640 3280; x_wconf 75' lang='grc' dir='ltr'><em>λέγειν,</em></span> <span class='ocrx_word' id='word_1_281' title='bbox 683 3228 754 3268; x_wconf 84' lang='lat' dir='ltr'><strong>ubi</strong></span> <span class='ocrx_word' id='word_1_282' title='bbox 794 3239 905 3278; x_wconf 80' lang='lat' dir='ltr'><strong>quae</strong></span> 
     </span>
     <span class='ocr_line' id='line_1_48' title="bbox 97 3283 903 3348; baseline -0.004 -21"><span class='ocrx_word' id='word_1_283' title='bbox 97 3287 274 3342; x_wconf 75' lang='lat' dir='ltr'><strong>scripsi,</strong></span> <span class='ocrx_word' id='word_1_284' title='bbox 316 3299 367 3327; x_wconf 83' lang='lat' dir='ltr'><strong>ea</strong></span> <span class='ocrx_word' id='word_1_285' title='bbox 405 3285 481 3327; x_wconf 80' lang='lat' dir='ltr'><strong>hac</strong></span> <span class='ocrx_word' id='word_1_286' title='bbox 519 3285 620 3325; x_wconf 83' lang='lat' dir='ltr'><strong>data</strong></span> <span class='ocrx_word' id='word_1_287' title='bbox 650 3283 903 3348; x_wconf 87' lang='lat' dir='ltr'><strong>opportuni-</strong></span> 
     </span>
     <span class='ocr_line' id='line_1_49' title="bbox 78 3339 901 3393; baseline -0.002 -9"><span class='ocrx_word' id='word_1_288' title='bbox 78 3348 187 3393; x_wconf 46' lang='lat' dir='ltr'><strong>,tate</strong></span> <span class='ocrx_word' id='word_1_289' title='bbox 223 3347 464 3386; x_wconf 84' lang='lat' dir='ltr'><strong>retractare</strong></span> <span class='ocrx_word' id='word_1_290' title='bbox 501 3342 655 3383; x_wconf 88' lang='lat' dir='ltr'><strong>licebit.</strong></span> <span class='ocrx_word' id='word_1_291' title='bbox 727 3339 901 3384; x_wconf 88' lang='lat' dir='ltr'><strong>Etenim</strong></span> 
     </span>
     <span class='ocr_line' id='line_1_50' title="bbox 94 3395 901 3457; baseline -0.001 -16"><span class='ocrx_word' id='word_1_292' title='bbox 94 3397 249 3457; x_wconf 72' lang='grc' dir='ltr'><strong>ἀληθεῖ</strong></span> <span class='ocrx_word' id='word_1_293' title='bbox 289 3412 469 3444; x_wconf 81' lang='lat' dir='ltr'><strong>numero</strong></span> <span class='ocrx_word' id='word_1_294' title='bbox 509 3398 714 3455; x_wconf 72' lang='lat' dir='ltr'><strong>singulari</strong></span> <span class='ocrx_word' id='word_1_295' title='bbox 746 3398 789 3442; x_wconf 87' lang='lat' dir='ltr'><strong>in</strong></span> <span class='ocrx_word' id='word_1_296' title='bbox 820 3395 901 3441; x_wconf 77' lang='lat' dir='ltr'><strong>hac</strong></span> 
     </span>
    </p>
   </div>
   <div class='ocr_carea' id='block_1_27' title="bbox 994 2300 1818 2602">
    <p class='ocr_par' dir='ltr' id='par_1_28' title="bbox 994 2300 1818 2602">
     <span class='ocr_line' id='line_1_51' title="bbox 996 2300 1818 2374; baseline 0.006 -17"><span class='ocrx_word' id='word_1_297' title='bbox 996 2314 1185 2358; x_wconf 79' lang='lat' dir='ltr'><strong>formula</strong></span> <span class='ocrx_word' id='word_1_298' title='bbox 1200 2300 1392 2370; x_wconf 81' lang='lat' dir='ltr'><strong>iungitur</strong></span> <span class='ocrx_word' id='word_1_299' title='bbox 1414 2315 1529 2371; x_wconf 78' lang='lat' dir='ltr'><strong>ideo,</strong></span> <span class='ocrx_word' id='word_1_300' title='bbox 1550 2319 1647 2372; x_wconf 86' lang='lat' dir='ltr'><strong>quia</strong></span> <span class='ocrx_word' id='word_1_301' title='bbox 1668 2331 1818 2374; x_wconf 58' lang='lat' dir='ltr'><strong>prae-r</strong></span> 
     </span>
     <span class='ocr_line' id='line_1_52' title="bbox 998 2372 1801 2443; baseline 0.005 -29"><span class='ocrx_word' id='word_1_302' title='bbox 998 2372 1192 2443; x_wconf 72' lang='lat' dir='ltr'><strong>dicatum²</strong></span> <span class='ocrx_word' id='word_1_303' title='bbox 1202 2375 1397 2416; x_wconf 83' lang='lat' dir='ltr'><strong>universe</strong></span> <span class='ocrx_word' id='word_1_304' title='bbox 1413 2377 1665 2418; x_wconf 80' lang='lat' dir='ltr'><strong>enuntiatur.</strong></span> <span class='ocrx_word' id='word_1_305' title='bbox 1687 2376 1801 2419; x_wconf 87' lang='lat' dir='ltr'><strong>For-—</strong></span> 
     </span>
     <span class='ocr_line' id='line_1_53' title="bbox 996 2432 1800 2486; baseline 0.002 -13"><span class='ocrx_word' id='word_1_306' title='bbox 996 2432 1111 2473; x_wconf 87' lang='lat' dir='ltr'><strong>mula</strong></span> <span class='ocrx_word' id='word_1_307' title='bbox 1142 2446 1190 2471; x_wconf 91' lang='grc' dir='ltr'><em>ου</em></span> <span class='ocrx_word' id='word_1_308' title='bbox 1223 2434 1396 2485; x_wconf 75' lang='grc' dir='ltr'><em>θατέρᾳ</em></span> <span class='ocrx_word' id='word_1_309' title='bbox 1426 2432 1630 2486; x_wconf 74' lang='grc' dir='ltr'><em>ληπτέον,</em></span> <span class='ocrx_word' id='word_1_310' title='bbox 1670 2434 1800 2475; x_wconf 74' lang='lat' dir='ltr'><strong>ducta</strong></span> 
     </span>
     <span class='ocr_line' id='line_1_54' title="bbox 994 2489 1799 2542; baseline 0.002 -12"><span class='ocrx_word' id='word_1_311' title='bbox 994 2501 1020 2530; x_wconf 78' lang='lat' dir='ltr'><strong>a</strong></span> <span class='ocrx_word' id='word_1_312' title='bbox 1052 2489 1273 2542; x_wconf 84' lang='lat' dir='ltr'><strong>pugilatu,</strong></span> <span class='ocrx_word' id='word_1_313' title='bbox 1303 2492 1440 2531; x_wconf 82' lang='lat' dir='ltr'><strong>multo</strong></span> <span class='ocrx_word' id='word_1_314' title='bbox 1470 2503 1551 2531; x_wconf 87' lang='lat' dir='ltr'><strong>usu</strong></span> <span class='ocrx_word' id='word_1_315' title='bbox 1582 2491 1799 2533; x_wconf 86' lang='lat' dir='ltr'><strong>celebrata</strong></span> 
     </span>
     <span class='ocr_line' id='line_1_55' title="bbox 997 2547 1797 2602; baseline 0.004 -16"><span class='ocrx_word' id='word_1_316' title='bbox 997 2550 1065 2586; x_wconf 86' lang='lat' dir='ltr'><strong>est</strong></span> <span class='ocrx_word' id='word_1_317' title='bbox 1091 2559 1117 2587; x_wconf 84' lang='lat' dir='ltr'><strong>a</strong></span> <span class='ocrx_word' id='word_1_318' title='bbox 1145 2547 1395 2600; x_wconf 78' lang='lat' dir='ltr'><strong>posterioris</strong></span> <span class='ocrx_word' id='word_1_319' title='bbox 1427 2548 1580 2599; x_wconf 68' lang='lat' dir='ltr'><strong>aetatiq</strong></span> <span class='ocrx_word' id='word_1_320' title='bbox 1613 2548 1797 2602; x_wconf 87' lang='lat' dir='ltr'><strong>scripto-</strong></span> 
     </span>
    </p>
   </div>
   <div class='ocr_carea' id='block_1_28' title="bbox 947 2596 1793 2647">
    <p class='ocr_par' dir='ltr' id='par_1_29' title="bbox 947 2596 1793 2647">
     <span class='ocr_line' id='line_1_56' title="bbox 947 2596 1793 2647; baseline 0.001 -3"><span class='ocrx_word' id='word_1_321' title='bbox 947 2596 957 2604; x_wconf 46' lang='lat'>⁸</span> <span class='ocrx_word' id='word_1_322' title='bbox 992 2603 1124 2644; x_wconf 86' lang='lat' dir='ltr'><strong>ribus.</strong></span> <span class='ocrx_word' id='word_1_323' title='bbox 1175 2615 1215 2643; x_wconf 89' lang='lat' dir='ltr'><strong>v.</strong></span> <span class='ocrx_word' id='word_1_324' title='bbox 1255 2603 1516 2646; x_wconf 85' lang='lat' dir='ltr'><strong>Themist.</strong></span> <span class='ocrx_word' id='word_1_325' title='bbox 1571 2605 1693 2646; x_wconf 83' lang='lat' dir='ltr'><strong>Orat.</strong></span> <span class='ocrx_word' id='word_1_326' title='bbox 1740 2604 1793 2647; x_wconf 92' lang='lat' dir='ltr'><strong>V.</strong></span> 
     </span>
    </p>
   </div>
   <div class='ocr_carea' id='block_1_29' title="bbox 984 2656 1797 3397">
    <p class='ocr_par' dir='ltr' id='par_1_30' title="bbox 989 2656 1796 3169">
     <span class='ocr_line' id='line_1_57' title="bbox 993 2656 1791 2714; baseline 0.003 -15"><span class='ocrx_word' id='word_1_327' title='bbox 993 2671 1036 2711; x_wconf 90' lang='lat' dir='ltr'><strong>p.</strong></span> <span class='ocrx_word' id='word_1_328' title='bbox 1076 2665 1144 2700; x_wconf 85' lang='lat'><strong>82.</strong></span> <span class='ocrx_word' id='word_1_329' title='bbox 1187 2656 1254 2701; x_wconf 90' lang='lat' dir='ltr'><strong>ed.</strong></span> <span class='ocrx_word' id='word_1_330' title='bbox 1294 2660 1418 2702; x_wconf 88' lang='lat' dir='ltr'><strong>Dind.</strong></span> <span class='ocrx_word' id='word_1_331' title='bbox 1459 2673 1518 2701; x_wconf 88' lang='lat'><strong>=.·</strong></span> <span class='ocrx_word' id='word_1_332' title='bbox 1552 2674 1596 2714; x_wconf 91' lang='lat' dir='ltr'><strong>p.</strong></span> <span class='ocrx_word' id='word_1_333' title='bbox 1639 2665 1705 2701; x_wconf 85' lang='grc'><strong>69.</strong></span> <span class='ocrx_word' id='word_1_334' title='bbox 1737 2659 1791 2702; x_wconf 90' lang='grc' dir='ltr'><strong>Β.</strong></span> 
     </span>
     <span class='ocr_line' id='line_1_58' title="bbox 990 2715 1793 2770; baseline 0.004 -14"><span class='ocrx_word' id='word_1_335' title='bbox 990 2715 1046 2756; x_wconf 90' lang='grc' dir='ltr'><strong>Χ.</strong></span> <span class='ocrx_word' id='word_1_336' title='bbox 1077 2730 1116 2770; x_wconf 88' lang='lat' dir='ltr'><strong>p</strong></span> <span class='ocrx_word' id='word_1_337' title='bbox 1142 2719 1235 2757; x_wconf 86' lang='lat'><strong>138.</strong></span> <span class='ocrx_word' id='word_1_338' title='bbox 1269 2716 1321 2758; x_wconf 90' lang='lat' dir='ltr'><strong>B.</strong></span> <span class='ocrx_word' id='word_1_339' title='bbox 1350 2717 1567 2759; x_wconf 82' lang='lat' dir='ltr'><strong>Numen.</strong></span> <span class='ocrx_word' id='word_1_340' title='bbox 1599 2730 1654 2770; x_wconf 86' lang='lat' dir='ltr'><strong>ap</strong></span> <span class='ocrx_word' id='word_1_341' title='bbox 1658 2716 1793 2759; x_wconf 89' lang='lat' dir='ltr'><strong>.Eu-</strong></span> 
     </span>
     <span class='ocr_line' id='line_1_59' title="bbox 990 2771 1792 2827; baseline 0.004 -15"><span class='ocrx_word' id='word_1_342' title='bbox 990 2773 1080 2813; x_wconf 81' lang='lat' dir='ltr'><strong>seb.</strong></span> <span class='ocrx_word' id='word_1_343' title='bbox 1112 2773 1266 2826; x_wconf 88' lang='lat' dir='ltr'><strong>Praep.</strong></span> <span class='ocrx_word' id='word_1_344' title='bbox 1297 2771 1376 2814; x_wconf 89' lang='lat' dir='ltr'><strong>Ev.</strong></span> <span class='ocrx_word' id='word_1_345' title='bbox 1410 2788 1451 2827; x_wconf 91' lang='lat' dir='ltr'><strong>p.</strong></span> <span class='ocrx_word' id='word_1_346' title='bbox 1486 2777 1580 2814; x_wconf 82' lang='lat'><strong>735.</strong></span> <span class='ocrx_word' id='word_1_347' title='bbox 1612 2774 1662 2815; x_wconf 90' lang='lat' dir='ltr'><strong>C.</strong></span> <span class='ocrx_word' id='word_1_348' title='bbox 1691 2773 1792 2815; x_wconf 85' lang='lat' dir='ltr'><strong>Ba-</strong></span> 
     </span>
     <span class='ocr_line' id='line_1_60' title="bbox 990 2828 1794 2883; baseline 0.006 -15"><span class='ocrx_word' id='word_1_349' title='bbox 990 2828 1073 2869; x_wconf 84' lang='lat' dir='ltr'><strong>sil.</strong></span> <span class='ocrx_word' id='word_1_350' title='bbox 1106 2829 1167 2871; x_wconf 92' lang='grc' dir='ltr'><strong>Μ.</strong></span> <span class='ocrx_word' id='word_1_351' title='bbox 1226 2830 1293 2871; x_wconf 89' lang='lat' dir='ltr'><strong>De</strong></span> <span class='ocrx_word' id='word_1_352' title='bbox 1332 2830 1522 2883; x_wconf 83' lang='lat' dir='ltr'><strong>legendis</strong></span> <span class='ocrx_word' id='word_1_353' title='bbox 1552 2830 1708 2872; x_wconf 85' lang='lat' dir='ltr'><strong>Graec.</strong></span> <span class='ocrx_word' id='word_1_354' title='bbox 1738 2831 1794 2873; x_wconf 87' lang='lat' dir='ltr'><strong>li·-</strong></span> 
     </span>
     <span class='ocr_line' id='line_1_61' title="bbox 990 2883 1794 2939; baseline 0.004 -13"><span class='ocrx_word' id='word_1_355' title='bbox 990 2883 1080 2926; x_wconf 85' lang='lat' dir='ltr'><strong>bris</strong></span> <span class='ocrx_word' id='word_1_356' title='bbox 1122 2898 1163 2938; x_wconf 90' lang='lat' dir='ltr'><strong>p.</strong></span> <span class='ocrx_word' id='word_1_357' title='bbox 1205 2891 1302 2926; x_wconf 77' lang='lat'><strong>449.</strong></span> <span class='ocrx_word' id='word_1_358' title='bbox 1344 2887 1396 2928; x_wconf 89' lang='lat' dir='ltr'><strong>E.</strong></span> <span class='ocrx_word' id='word_1_359' title='bbox 1430 2893 1474 2928; x_wconf 91' lang='lat' dir='ltr'><strong>et</strong></span> <span class='ocrx_word' id='word_1_360' title='bbox 1503 2900 1612 2939; x_wconf 87' lang='lat' dir='ltr'><strong>quae</strong></span> <span class='ocrx_word' id='word_1_361' title='bbox 1645 2887 1794 2929; x_wconf 84' lang='lat' dir='ltr'><strong>lauda-</strong></span> 
     </span>
     <span class='ocr_line' id='line_1_62' title="bbox 990 2940 1792 2999; baseline 0.005 -17"><span class='ocrx_word' id='word_1_362' title='bbox 990 2940 1052 2982; x_wconf 79' lang='lat' dir='ltr'><strong>vit</strong></span> <span class='ocrx_word' id='word_1_363' title='bbox 1094 2941 1478 2996; x_wconf 82' lang='lat' dir='ltr'><strong>Wyttenbach.</strong></span> <span class='ocrx_word' id='word_1_364' title='bbox 1524 2943 1578 2985; x_wconf 85' lang='lat' dir='ltr'><strong>ad</strong></span> <span class='ocrx_word' id='word_1_365' title='bbox 1626 2942 1792 2999; x_wconf 82' lang='lat' dir='ltr'><strong>Eunap.</strong></span> 
     </span>
     <span class='ocr_line' id='line_1_63' title="bbox 991 2999 1796 3051; baseline 0.009 -15"><span class='ocrx_word' id='word_1_366' title='bbox 991 3011 1035 3051; x_wconf 90' lang='lat' dir='ltr'><strong>p.</strong></span> <span class='ocrx_word' id='word_1_367' title='bbox 1069 3002 1135 3038; x_wconf 81' lang='lat'><strong>58.</strong></span> <span class='ocrx_word' id='word_1_368' title='bbox 1195 2999 1425 3042; x_wconf 82' lang='lat' dir='ltr'><strong>Illustravit</strong></span> <span class='ocrx_word' id='word_1_369' title='bbox 1460 3013 1554 3042; x_wconf 86' lang='lat' dir='ltr'><strong>eam</strong></span> <span class='ocrx_word' id='word_1_370' title='bbox 1594 3000 1796 3044; x_wconf 81' lang='lat' dir='ltr'><strong>doctissi-</strong></span> 
     </span>
     <span class='ocr_line' id='line_1_64' title="bbox 991 3055 1795 3105; baseline 0.009 -10"><span class='ocrx_word' id='word_1_371' title='bbox 991 3067 1062 3096; x_wconf 87' lang='lat' dir='ltr'><strong>me</strong></span> <span class='ocrx_word' id='word_1_372' title='bbox 1100 3055 1342 3105; x_wconf 77' lang='lat' dir='ltr'><strong>Kulinius</strong></span> <span class='ocrx_word' id='word_1_373' title='bbox 1380 3058 1425 3100; x_wconf 86' lang='lat' dir='ltr'><strong>in</strong></span> <span class='ocrx_word' id='word_1_374' title='bbox 1451 3057 1599 3100; x_wconf 84' lang='lat' dir='ltr'><strong>Indice</strong></span> <span class='ocrx_word' id='word_1_375' title='bbox 1628 3058 1795 3103; x_wconf 80' lang='lat' dir='ltr'><strong>Aeliani</strong></span> 
     </span>
     <span class='ocr_line' id='line_1_65' title="bbox 989 3110 1292 3169; baseline 0.007 -17"><span class='ocrx_word' id='word_1_376' title='bbox 989 3124 1083 3153; x_wconf 75' lang='lat' dir='ltr'><strong>voc.</strong></span> <span class='ocrx_word' id='word_1_377' title='bbox 1102 3110 1292 3169; x_wconf 81' lang='grc' dir='ltr'><em>Ετερος.</em></span> 
     </span>
    </p>

    <p class='ocr_par' dir='ltr' id='par_1_31' title="bbox 984 3167 1797 3397">
     <span class='ocr_line' id='line_1_66' title="bbox 1045 3167 1794 3214; baseline 0.004 -4"><span class='ocrx_word' id='word_1_378' title='bbox 1045 3168 1098 3210; x_wconf 89' lang='grc' dir='ltr'><strong>Β.</strong></span> <span class='ocrx_word' id='word_1_379' title='bbox 1170 3172 1276 3211; x_wconf 80' lang='grc' dir='ltr'><strong>τῶν</strong></span> <span class='ocrx_word' id='word_1_380' title='bbox 1325 3169 1614 3214; x_wconf 77' lang='grc' dir='ltr'><em>οἷκετικῶν</em></span> <span class='ocrx_word' id='word_1_381' title='bbox 1664 3167 1794 3213; x_wconf 75' lang='grc' dir='ltr'><em>ὅνο-</em></span> 
     </span>
     <span class='ocr_line' id='line_1_67' title="bbox 986 3223 1794 3284; baseline 0.007 -19"><span class='ocrx_word' id='word_1_382' title='bbox 986 3223 1170 3280; x_wconf 80' lang='grc' dir='ltr'><em>μάτων</em></span> <span class='ocrx_word' id='word_1_383' title='bbox 1206 3245 1242 3268; x_wconf 81' lang='lat' dir='ltr'><strong>u.</strong></span> <span class='ocrx_word' id='word_1_384' title='bbox 1279 3244 1322 3269; x_wconf 88' lang='grc' dir='ltr'><strong>α.</strong></span> <span class='ocrx_word' id='word_1_385' title='bbox 1367 3232 1516 3280; x_wconf 86' lang='grc' dir='ltr'><em>που.]</em></span> <span class='ocrx_word' id='word_1_386' title='bbox 1572 3224 1794 3284; x_wconf 72' lang='grc' dir='ltr'><em>Ὀνόματα</em></span> 
     </span>
     <span class='ocr_line' id='line_1_68' title="bbox 984 3281 1793 3353; baseline 0.007 -31"><span class='ocrx_word' id='word_1_387' title='bbox 984 3281 1164 3324; x_wconf 72' lang='grc' dir='ltr'><em>οἰκετικά</em></span> <span class='ocrx_word' id='word_1_388' title='bbox 1180 3290 1292 3336; x_wconf 83' lang='lat' dir='ltr'><strong>sunt,</strong></span> <span class='ocrx_word' id='word_1_389' title='bbox 1309 3286 1464 3341; x_wconf 84' lang='lat' dir='ltr'><strong>quibus</strong></span> <span class='ocrx_word' id='word_1_390' title='bbox 1484 3286 1654 3329; x_wconf 83' lang='lat' dir='ltr'><strong>servilia</strong></span> <span class='ocrx_word' id='word_1_391' title='bbox 1667 3287 1793 3353; x_wconf 40' lang='lat' dir='ltr'><strong>maini-</strong></span> 
     </span>
     <span class='ocr_line' id='line_1_69' title="bbox 985 3318 1797 3397; baseline -0.001 -15"><span class='ocrx_word' id='word_1_392' title='bbox 985 3339 1118 3383; x_wconf 84' lang='lat' dir='ltr'><strong>steria</strong></span> <span class='ocrx_word' id='word_1_393' title='bbox 1136 3318 1424 3397; x_wconf 80' lang='lat' dir='ltr'><strong>designantur.</strong></span> <span class='ocrx_word' id='word_1_394' title='bbox 1457 3342 1532 3386; x_wconf 85' lang='lat' dir='ltr'><strong>Sic</strong></span> <span class='ocrx_word' id='word_1_395' title='bbox 1541 3340 1716 3383; x_wconf 76' lang='grc' dir='ltr'><em>καλόν“’</em></span> <span class='ocrx_word' id='word_1_396' title='bbox 1689 3358 1797 3388; x_wconf 62' lang='lat' dir='ltr'><strong>ove-</strong></span> 
     </span>
    </p>
   </div>
   <div class='ocr_carea' id='block_1_30' title="bbox 983 3399 1789 3475">
    <p class='ocr_par' dir='ltr' id='par_1_32' title="bbox 983 3399 1789 3475">
     <span class='ocr_line' id='line_1_70' title="bbox 983 3399 1789 3475; baseline 0.006 -35"><span class='ocrx_word' id='word_1_397' title='bbox 983 3412 1048 3453; x_wconf 80' lang='grc' dir='ltr'><strong>μα</strong></span> <span class='ocrx_word' id='word_1_398' title='bbox 1099 3406 1278 3445; x_wconf 80' lang='lat' dir='ltr'><strong>vocatur</strong></span> <span class='ocrx_word' id='word_1_399' title='bbox 1312 3400 1380 3475; x_wconf 69' lang='lat' dir='ltr'><strong>id3</strong></span> <span class='ocrx_word' id='word_1_400' title='bbox 1427 3413 1514 3456; x_wconf 84' lang='lat' dir='ltr'><strong>quo</strong></span> <span class='ocrx_word' id='word_1_401' title='bbox 1549 3399 1649 3445; x_wconf 84' lang='lat' dir='ltr'><strong>boni</strong></span> <span class='ocrx_word' id='word_1_402' title='bbox 1688 3399 1789 3456; x_wconf 79' lang='lat' dir='ltr'><strong>quid</strong></span> 
     </span>
    </p>
   </div>
  </div>
 </body>
</html>
