2028 3750
261 187 333 239 52
843 187 1363 240 PROLEGOMENA

262 343 392 384 τον·
431 334 616 398 ἕτερον
649 348 761 398 μην
799 325 1009 399 τρόπον
1043 326 1080 394 ἥ
1117 347 1174 382 τε
1209 328 1312 382 τοῦ
1338 328 1614 400 σοφιστοῦ
1634 324 1939 398 χαλεπότης

262 400 300 467 22'
346 421 402 454 τε
436 401 636 454 τούτου
676 420 723 453 κ.
762 420 809 453 τ.
847 402 893 452 λ.
946 419 1090 466 quem
1130 403 1295 452 locum
1342 417 1506 465 neque
1541 417 1571 449 a
1608 400 1936 451 Schleier-

262 475 567 525 machero
605 488 771 537 neque
807 474 868 522 ab
906 473 1306 523 Heindorfio
1353 472 1666 521 intellectum
1701 472 1755 521 in
1787 471 1937 522 Com-

262 545 518 595 mentoriis
554 543 858 592 illustratum
896 545 1139 594 dedimus.
1209 544 1322 592 Hoc
1357 558 1477 592 vero
1500 543 1792 592 testimonio
1819 542 1939 606 quid

262 620 435 681 potest
500 630 616 664 esse
660 615 868 678 clarius,
927 615 1047 680 quid
1089 616 1307 677 certius,
1367 613 1485 706 quid
1530 613 1744 678 denique
1791 612 1939 663 lucu-

262 685 485 736 lentius?

399 784 470 834 At
499 798 647 844 vero,
683 784 902 848 inquies,
939 783 1282 849 Philosophus
1317 783 1427 845 ille,
1478 800 1624 848 quem
1671 782 1818 832 Plato
1868 781 1938 830 ibi

262 857 434 922 paucis
469 857 636 903 verbis
671 857 992 920 εἱς-,ιιίῐίοιινίῐ
1035 872 1151 905 num
1186 856 1384 904 tandem
1421 854 1539 904 alibi
1573 854 1813 920 peculiari
1848 853 1939 901 ali-

264 944 360 991 qua
407 928 681 990 scriptione
726 928 786 975 ab
839 942 900 975 eo
935 928 1193 976 institutus
1231 932 1284 974 et
1321 926 1618 976 informatus
1656 926 1774 974 est?
1842 924 1940 973 Est

261 1012 399 1047 vero.
469 997 760 1061 Quanquam
795 997 926 1046 liber
959 998 1073 1060 ille,
1120 998 1171 1046 in
1209 1013 1306 1062 quo
1343 999 1451 1046 eius
1490 997 1761 1061 descriptio
1798 995 1938 1044 exhi-

261 1069 437 1129 betur,
486 1084 516 1116 a
545 1070 744 1117 nemine
778 1068 894 1117 fere
937 1085 1097 1133 usque
1144 1069 1207 1118 ad
1240 1070 1372 1117 hunc
1411 1067 1543 1118 diem
1576 1069 1701 1116 satis
1737 1065 1939 1115 intelle-

263 1146 376 1189 ctus
425 1145 666 1203 recteque
717 1140 989 1205 explicatus
1039 1140 1152 1188 fuit.
1223 1140 1363 1202 Quae
1398 1140 1507 1204 ipsa
1542 1154 1717 1187 caussa
1753 1137 1966 1204 extitit„

263 1211 586 1276 quamobrem
627 1211 742 1274 quid
780 1212 855 1261 rei
893 1215 1031 1260 esset
1067 1227 1128 1259 ne
1165 1210 1224 1258 ab
1262 1210 1562 1259 acutissimis
1603 1209 1802 1273 quidem
1837 1209 1939 1256 ho-

263 1283 478 1331 minibus
529 1282 921 1346 perspiceretur.
995 1280 1267 1345 Loqnimur
1316 1280 1380 1329 de
1425 1280 1749 1329 Parmenide:
1804 1280 1939 1327 huuc

265 1355 397 1402 enim
445 1352 628 1400 librum
674 1354 848 1416 utique
899 1368 1011 1401 eum
1062 1367 1176 1400 esse
1220 1367 1514 1410 censemus,
1565 1352 1618 1400 in
1658 1367 1755 1415 quo
1793 1350 1939 1398 Plato

263 1424 653 1489 philosophum,
691 1425 886 1487 qualem
923 1424 974 1471 in
1013 1421 1250 1488 Sophista
1289 1427 1341 1472 et
1377 1422 1589 1470 Politico
1626 1421 1938 1486 significavit,

263 1495 407 1544 finxit
455 1501 509 1543 et
553 1494 852 1544 informavit.
925 1494 1068 1555 Quod
1117 1509 1181 1542 ue
1225 1494 1307 1542 cui
1352 1493 1555 1542 dubium
1607 1497 1660 1541 et
1693 1494 1939 1541 incertum

263 1567 520 1626 videatur,
580 1582 672 1628 age
720 1567 1039 1630 quamobrem
1088 1566 1158 1613 ita
1218 1565 1537 1612 statuendum
1582 1563 1939 1625 existimemus,

263 1638 437 1703 paucis
476 1638 767 1701 exposuisse
801 1631 1002 1685 iuvabit.
1074 1635 1402 1686 Versabimur
1425 1640 1590 1683 tamen
1625 1635 1675 1683 in
1712 1634 1806 1682 hac
1844 1649 1940 1683 no-

265 1714 371 1758 stra
419 1707 756 1773 disputatione
803 1709 903 1768 sic,
955 1712 1012 1756 ut
1058 1722 1183 1771 quae
1218 1722 1379 1772 nuper
1416 1705 1479 1754 de
1514 1705 1822 1755 Parmenidis
1860 1720 1939 1754 ar-

265 1783 505 1843 gumento
552 1784 605 1827 et
653 1780 916 1843 proposito
972 1779 1021 1827 iu
1069 1777 1310 1843 peculiari
1356 1776 1504 1826 huius
1556 1777 1673 1825 libri
1719 1777 1939 1824 editione

263 1850 516 1916 Lipsiensi
553 1852 759 1914 copiose
797 1851 1143 1915 exposuimus,
1189 1865 1248 1898 ea
1297 1848 1358 1896 ab
1393 1848 1676 1913 legentibus
1714 1864 1939 1912 maguam

264 1928 406 1970 certe
446 1927 637 1984 partem
671 1921 771 1986 legi
810 1921 1188 1984 compararique
1225 1920 1450 1968 velimus.
1520 1919 1754 1982 Alioquin
1807 1920 1940 1967 enim

260 1992 376 2041 fieri
410 1994 491 2041 vix
526 1994 742 2057 poterit,
781 1998 837 2041 ut
870 1992 931 2041 iis
967 1993 1116 2058 plane
1151 1990 1215 2040 de
1236 1996 1455 2040 'nostrae
1492 1991 1770 2040 sententiae
1805 1990 1941 2038 veri-

185 2083 187 2085 ¹
261 2069 371 2113 tate
405 2064 814 2131 persuadeamus,

404 2178 479 2226 Ac
535 2177 747 2243 primum
809 2177 1008 2242 quidem
1070 2175 1191 2224 illud
1250 2175 1570 2243 perspicuum
1622 2189 1738 2225 esse
1784 2172 1939 2222 debet

264 2249 523 2308 omnibus,
581 2250 632 2298 in
681 2250 794 2297 loco
843 2249 1114 2314 Sophistae
1161 2264 1209 2312 p.
1258 2249 1378 2297 253.
1430 2248 1471 2296 D
1523 2264 1631 2312 sqq.
1689 2246 1939 2309 designari

263 2321 622 2384 philosophum
656 2336 797 2381 eum,
852 2322 935 2383 qui
970 2321 1016 2366 iu
1057 2318 1331 2368 dialecticis
1370 2320 1597 2384 gnaviter
1633 2318 1937 2366 exercitatus

264 2393 332 2439 sit
380 2393 588 2473 eiusque
642 2392 762 2439 artis
809 2395 1003 2438 lectum
1051 2406 1194 2438 usum
1232 2396 1433 2449 teneat,
1481 2391 1552 2437 ita
1600 2394 1656 2436 ut
1694 2389 1801 2436 eius
1840 2403 1938 2452 ope

260 2462 486 2509 idearum
532 2462 625 2508 vim
675 2462 1019 2523 rationemque
1070 2475 1263 2507 omnem
1310 2466 1452 2508 lecte
1490 2460 1753 2522 exquirere
1789 2463 1939 2521 atque

260 2533 518 2580 illustrare
565 2533 740 2596 possit.
812 2531 949 2579 Talis
1001 2546 1117 2578 vero
1166 2530 1498 2595 philosophus
1545 2530 1631 2577 ille
1667 2531 1777 2594 ipse
1817 2529 1938 2576 Par-

260 2604 487 2652 menides
526 2610 633 2662 est,
681 2603 762 2666 qui
798 2603 850 2650 in
885 2602 1013 2650 libro
1050 2602 1342 2666 cognomine
1380 2602 1633 2649 disserens
1671 2600 1935 2648 inducitur.

259 2673 359 2721 Hic
398 2676 528 2722 enim
567 2690 662 2721 non
701 2674 850 2721 modo
891 2674 1278 2736 praeceptiones
1329 2672 1412 2721 dat
1450 2672 1732 2720 dialecticas
1771 2671 1937 2719 subti-

260 2744 451 2793 lissime
487 2746 823 2808 excogitatas3
870 2761 1042 2791 verum
1079 2745 1227 2791 etiam
1264 2744 1315 2791 in
1351 2745 1463 2808 ipso
1500 2759 1668 2792 earum
1702 2758 1796 2790 usu
1834 2746 1936 2790 tam

261 2822 341 2864 est
378 2816 613 2880 prudens,
653 2822 749 2862 tam
788 2816 1091 2874 moderatus,
1128 2821 1227 2862 tam
1261 2815 1475 2878 denique
1509 2815 1615 2862 veri
1650 2812 1935 2878 reperiendi

259 2887 542 2947 studiosus,
597 2892 652 2934 ut
690 2887 872 2951 spretis
911 2887 1134 2934 inanibus
1173 2886 1398 2934 artificiis
1436 2886 1663 2934 omnibus
1703 2884 1846 2932 unice
1881 2883 1935 2931 id

261 2973 463 3021 operam
512 2959 599 3005 det
648 2958 796 3021 idque
848 2973 995 3005 unum
1035 2956 1247 3005 maxime
1284 2962 1423 3020 agat,
1472 2963 1529 3005 ut
1578 2955 1711 3018 quod
1762 2954 1934 3016 exqui«

258 3028 465 3076 rendum
516 3029 766 3093 suscepit,
815 3029 867 3076 id
905 3029 1036 3076 omui
1079 3027 1228 3074 modo
1264 3028 1595 3091 investigetur
1632 3026 1933 3090 penitusque

257 3105 603 3160 cognoscatur.
676 3100 842 3163 Atque
890 3100 960 3147 ita
996 3115 1145 3161 quum
1181 3099 1229 3146 in
1267 3113 1385 3145 vero
1424 3097 1726 3162 explorando
1759 3109 1931 3142 verse-

258 3173 371 3228 tur,
426 3175 566 3217 tenet
611 3171 757 3218 etiam
807 3170 1285 3234 praestantissimam
1322 3168 1455 3216 illam
1495 3174 1656 3216 artem
1690 3169 1930 3231 purgato-

255 3239 408 3298 riam,
456 3241 595 3286 cuius
632 3242 705 3287 vis
744 3241 1057 3288 eteflicacia
1092 3239 1219 3288 haec
1255 3244 1362 3300 est,
1410 3246 1465 3287 ut
1501 3256 1529 3287 a
1564 3237 1697 3285 vanis
1735 3241 1788 3283 et
1823 3235 1928 3283 ina-

255 3308 400 3356 nibus
451 3310 722 3357 liberemur
769 3312 1082 3374 opinionibus
1132 3317 1185 3359 et
1220 3310 1279 3358 ad
1321 3311 1543 3358 veritatis
1591 3307 1926 3369 cognitionem

255 3379 596 3427 traducamur:
647 3396 791 3442 quam
838 3383 998 3446 ipsam
1047 3385 1206 3430 artem
1255 3396 1353 3430 non
1402 3378 1779 3445 sophistarum,
1834 3378 1927 3427 sed
