2028 3750
633 208 721 263 An
760 208 1263 266 THEAETETUM.
1715 214 1784 266 13

109 354 329 408 Platonis
368 367 618 419 nunquam,
651 361 970 418 assequetur3
1007 354 1106 405 imo
1143 354 1297 406 etiam
1335 354 1623 423 philosophi
1665 370 1781 423 per·

111 430 334 477 versitati
356 428 548 475 scilicet
573 428 902 486 succensebit,
942 429 1024 491 qui
1060 428 1184 477 tales
1221 428 1434 492 ineptias
1473 435 1525 477 et
1558 430 1781 494 garrulas

110 517 266 564 nugas
315 499 515 547 effutire
564 513 663 545 non
709 500 1071 561 verecundatus
1122 499 1199 547 sit.
1272 499 1372 549 Sed
1421 500 1650 549 nimirum
1699 502 1785 549 isti

111 587 230 620 suae
265 570 486 634 ipsorum
523 557 889 633 imprudentiae
925 570 1096 632 ntique
1132 569 1308 618 melius
1346 568 1648 631 irascentur,
1690 583 1784 635 qua

111 655 211 691 ιιοιι
258 640 623 698 intellexerint,
684 640 1037 704 philosophum
1101 641 1280 705 insigni
1331 657 1444 689 cum
1493 648 1601 693 arte
1650 643 1783 692 seria
1843 656 1845 658 ·

107 713 231 761 iocis
270 711 640 776 permiscuisse.
713 710 926 758 Omnino
962 711 1091 758 enim
1130 712 1226 760 dici
1257 728 1355 760 non
1391 718 1588 780 potest,
1628 723 1780 777 quan-
1789 711 1795 714 *

107 789 215 834 tum
250 782 472 831 Platonis
508 781 908 854 interpretationi
944 781 1199 841 offecerit,
1251 784 1385 846 quod
1435 783 1519 847 qui
1566 786 1630 833 ad
1668 800 1782 834 cum

111 854 455 919 explicandum
525 849 884 910 accesserunt,
958 851 1197 916 plerique
1259 869 1429 902 omnes
1500 855 1784 918 putaverint:

109 941 204 990 per
254 924 416 972 omnia
466 937 678 985 regnare
725 938 948 970 severam
994 923 1234 997 quandam
1283 925 1602 986 gravitatem,
1654 940 1782 990 quae

100 1011 306 1045 omnem
339 993 533 1041 iocandi
583 998 636 1041 et
673 993 931 1049 minandi
968 982 1215 1042 excludat'
1234 993 1551 1043 hilaritatem.
1600 997 1781 1045 Nimi-

106 1082 217 1115 rum
255 1067 341 1114 isti
376 1063 651 1112 mirandum
688 1079 787 1112 non
824 1069 931 1121 est,
983 1064 1115 1126 quod
1161 1079 1549 1129 saepenumero,
1596 1073 1654 1114 ut
1702 1074 1783 1117 est

105 1139 155 1187 in
194 1137 489 1210 proten-bio,
528 1134 825 1184 nubeculam
859 1151 951 1200 pro
989 1135 1099 1184 (11ιο
1136 1133 1320 1184 lunone
1355 1137 1570 1201 amplexi
1601 1144 1732 1187 sunt.

246 1247 437 1302 Verum
481 1255 682 1316 tempus
728 1254 808 1298 est
854 1247 1058 1296 tandem
1108 1249 1169 1297 ad
1207 1251 1514 1313 argumenti,
1551 1249 1682 1314 qnod
1729 1252 1780 1303 in

109 1322 207 1373 hoc
254 1323 385 1372 libro
433 1326 702 1382 tractatur,
753 1319 1116 1368 enarrationem
1167 1319 1424 1372 accedere.
1496 1322 1636 1383 Quae
1683 1337 1782 1372 non

108 1408 339 1443 tei-emur
389 1407 455 1441 ne
504 1394 585 1440 cui
631 1392 806 1442 minus
840 1391 1126 1439 necessaria
1170 1391 1411 1442 rideatur.
1494 1391 1591 1441 Est
1649 1393 1781 1442 enim

109 1465 382 1530 disputatio
430 1465 479 1512 in
526 1463 813 1513 'lbeaeteto
859 1462 1089 1510 instituta
1143 1459 1268 1512 adeo
1317 1463 1537 1511 flexuosa
1587 1468 1640 1512 et
1687 1479 1782 1530 per

112 1538 345 1600 ambages
406 1536 583 1595 ducta,
630 1540 686 1583 ut
733 1534 912 1596 cuique
962 1533 1151 1597 legenti
1199 1537 1396 1597 gratum
1442 1534 1664 1583 futurum
1716 1537 1783 1583 sit

111 1609 251 1671 qnasi
285 1607 438 1657 filum>
460 1605 716 1670 quoddam
742 1606 1016 1670 accepisse,
1053 1606 1191 1653 cuius
1231 1620 1328 1670 ope
1364 1606 1609 1655 sermonis
1644 1608 1785 1671 quasi

108 1678 207 1728 iter
241 1679 398 1732 tutius
433 1677 631 1726 emetiri
668 1677 845 1741 possit.

250 1777 534 1842 Finguntur
568 1776 723 1839 igitur
758 1775 1092 1835 Theodorus,
1129 1775 1505 1825 mathematicus
1542 1775 1783 1842 Cyrenai-

112 1865 229 1908 cus,
267 1854 418 1912 atque
467 1846 704 1894 Socrates
753 1861 867 1894 casu
922 1847 1136 1909 quodam
1193 1848 1483 1895 convenisse
1530 1848 1581 1896 in
1618 1849 1784 1912 aliquo

111 1920 384 1986 gymnasio.
458 1918 674 1968 Videtur
710 1917 840 1965 enim
865 1915 1166 1968 Theodorus
1202 1922 1307 1965 tum
1344 1920 1590 1982 temporis
1617 1919 1783 1968 Atbe-

110 1992 188 2040 nis
245 1990 481 2070 docuisse
545 1988 910 2037 mathematica.
982 1989 1207 2071 Quippe
1256 1994 1367 2037 erat
1422 1989 1510 2037 ille
1570 1991 1784 2038 maxime

110 2054 474 2143 γεωμετρικός
519 2064 572 2108 et
597 2052 1027 2141 ἀστρονομικός
1082 2077 1174 2108 και
1220 2058 1320 2125 207
1324 2054 1534 2119 ιστικός
1578 2078 1636 2110 τε
1691 2061 1785 2111 καὶ

108 2125 405 2200 μουσικός,
453 2130 546 2181 καὶ
584 2125 688 2181 ὅσα
733 2128 983 2188 παιδειας
1026 2128 1216 2196 ἔχεται.
1301 2129 1514 2181 Theaet.
1565 2148 1615 2196 p.
1663 2131 1784 2180 145.

2 2239 4 2244 f
91 2205 169 2269 «A.
255 2202 352 2266 Qui
433 2201 567 2265 qnod
648 2202 713 2250 de
782 2198 861 2248 his
933 2201 1086 2249 rebus
1160 2217 1272 2250 cum
1344 2201 1554 2251 Socrate
1625 2203 1786 2251 collo-

111 2290 268 2358 quens
327 2274 610 2332 inducitur,
668 2272 953 2335 neutiquam
1015 2278 1095 2320 est
1141 2272 1383 2322 mirabile.
1470 2272 1592 2322 Fuit
1654 2275 1786 2322 enim

111 2346 298 2395 amicus
346 2349 399 2393 et
446 2343 702 2392 familiaris
751 2342 1092 2406 Protagorae,
1140 2348 1198 2391 ut
1234 2343 1446 2407 legimus
1484 2361 1532 2409 p.
1573 2345 1691 2396 161.
1727 2344 1787 2394 Β.

113 2415 233 2466 162.
269 2414 329 2465 A.
366 2414 484 2466 168,
524 2414 580 2462 Ε.
619 2415 719 2462 imo
758 2415 865 2462 eius
903 2415 1146 2463 rationem
1199 2414 1269 2462 ita
1324 2415 1592 2479 probabat,
1642 2421 1698 2464 ut
1735 2433 1786 2485 p.

115 2487 234 2538 164.
271 2486 331 2536 Ε.
371 2491 571 2534 mortuo
611 2484 890 2549 Protagora
928 2490 1156 2549 tanquam
1193 2490 1352 2550 patre,
1393 2488 1678 2550 opinionum
1723 2487 1785 2535 il-

113 2558 209 2606 lius
244 2560 386 2605 tutor
421 2557 651 2606 extitisse
685 2555 905 2605 dicatur.
942 2556 1076 2620 quod
1099 2562 1266 2604 tamen
1302 2558 1414 2620 ipse
1452 2557 1681 2605 modeste
1716 2558 1786 2607 ita

115 2629 397 2687 detrectat,
445 2633 501 2676 ut
547 2642 664 2675 sese
714 2628 848 2676 dicat
884 2642 943 2674 ex
981 2626 1301 2691 philosophia
1336 2627 1394 2675 ad
1431 2629 1789 2691 geometricam

115 2698 424 2764 confugisse,
461 2714 670 2763 eamque
705 2698 900 2746 laudem
938 2693 1096 2746 totam
1137 2699 1241 2746 vult
1278 2699 1341 2746 ad
1377 2698 1581 2747 Calliam
1618 2706 1790 2747 trans-

115 2770 256 2819 ferri.
292 2785 341 2834 p.
380 2770 499 2820 1159.
534 2770 597 2818 Ε.
670 2769 1009 2817 Nihilosecius
1047 2768 1368 2817 Heracliteos
1407 2771 1567 2817 minus
1604 2770 1788 2833 proba-

115 2842 220 2898 bat,
258 2841 444 2903 quippe
479 2840 624 2887 nimis
663 2840 877 2886 obscure
914 2840 1239 2888 disserentes.
1280 2855 1323 2888 v.
1361 2856 1408 2904 p.
1454 2840 1568 2890 179.
1607 2839 1647 2886 C
1676 2855 1789 2904 sqq.

117 2911 266 2973 Quod
314 2910 491 2958 mirum
540 2909 772 2973 profecto
821 2924 919 2956 non
966 2915 1046 2958 est
1084 2910 1133 2957 in
1169 2910 1370 2957 homine
1409 2909 1789 2959 mathematico-

117 2997 226 3031 rum
263 2980 615 3045 perspicuitati
651 2977 958 3027 adsuefacto.
1029 2979 1204 3042 Neque
1240 2979 1360 3027 illud
1400 2981 1655 3045 quisquam
1695 2985 1789 3044 mi-

117 3053 338 3110 rabitur,
393 3050 524 3115 quod
573 3065 687 3098 sese
744 3049 1023 3097 disserendi
1067 3049 1475 3099 consuetudinem
1533 3057 1585 3100 et
1642 3068 1790 3102 usum

119 3123 306 3172 nullum
334 3122 443 3170 fere
470 3121 659 3168 habere
696 3119 901 3178 fatetur,
939 3136 990 3184 p.
1029 3120 1142 3169 146.
1168 3121 1243 3181 B„
1282 3121 1494 3186 ideoque
1514 3122 1789 3173 interlocu-

121 3195 248 3242 toris
285 3200 455 3258 partes
504 3194 754 3240 detrectat
801 3192 999 3255 saepius
1049 3196 1102 3239 et
1148 3206 1263 3239 raro
1297 3198 1487 3241 tantum
1523 3194 1573 3242 in
1610 3195 1791 3258 dispu-

0 3294 2 3301 =
79 3266 256 3312 tandi
304 3265 441 3311 venit
495 3264 803 3311 societatem.
894 3260 1227 3310 Nihilominus
1281 3260 1425 3312 Plato
1482 3265 1792 3328 disciplinae,

122 3351 267 3398 quam
304 3335 664 3398 profitebatur,
711 3333 887 3381 tribuit
931 3332 1223 3395 plurimum3
1273 3350 1416 3397 quam
1455 3336 1517 3382 ob
1552 3351 1661 3384 rem
1699 3353 1794 3386 nec

121 3401 414 3456 incredibile
450 3410 560 3467 est,
611 3405 743 3467 quod
788 3409 956 3453 narrat
991 3402 1319 3470 Diogenes
1373 3405 1584 3458 Laert.
1624 3406 1706 3460 111.
1740 3409 1790 3457 6.
