2028 3750
742 159 1168 230 semism-

122 329 288 378 ουτωκ
312 306 627 381 διεξέρχεται
669 312 788 370 τοῖς
825 301 1056 378 μύθοις.

1695 161 1798 224 ιω

1108 367 1113 373 ,
1130 300 1302 371 Ἰάδες
1335 306 1400 368 Ἡδὲ
1420 305 1802 377 gnae-Zmint

120 389 530 465 τινεςῶστερον
571 389 802 449 Μοῦσαι
830 385 1289 463 ,ξυννενοήκασιη
1342 385 1431 444 ὅτι
1460 391 1798 461 ἶσυμπλέκειν

120 474 549 551 ἀσφαλέσιςατον
584 469 877 548 ἀμφότερα
915 474 1010 529 καὶ
1047 476 1244 541 λέγειν,
1285 469 1359 539 ὡς
1398 467 1462 528 τὸ
1504 467 1791 546 {inffatam-04¹
1870 486 1887 504 ³

120 580 181 629 τε
220 561 314 614 καὶ
354 563 414 614 ἕν
452 563 629 623 ἐστιν,
666 559 853 627 ἔχθρᾳ
880 558 951 624 ,δὲ
975 558 1086 624 scal
1125 558 1285 633 φιλίᾳ
1326 561 1620 628 συνέχεται.
1675 558 1796 622 διᾳ-

121 639 439 721 φερόμενον4
470 636 579 714 γὰρ
619 637 707 697 ἀεὶ
746 639 1096 717 ξυμφέρεται,
1135 641 1308 718 φασὶν
1347 643 1413 697 αἱ
1448 636 1794 713 συντονώτε-

119 860 251 904 babat
277 859 564 904 Heindorflus.

233 917 318 958 καὶ
355 917 594 958 Σικελοί
623 920 794 968 τινες]
854 870 927 961 Sic
963 917 1152 973 Simplic.
1182 917 1224 959 in
1261 916 1392 962 Arist.
1423 915 1552 971 Phys.
1580 917 1615 963 Ι.
1647 918 1790 973 1211.

119 974 511 1018 Bod1.Vat.Ven.
541 973 602 1016 Π.
633 987 712 1028 pro
741 977 853 1030 vulg.
882 976 1114 1023 Σικιλωιαὸ.
1172 972 1364 1019 Indidem
1392 930 1517 1021 dediy
1517 972 1795 1029 ξυννενονὶκα.

78 1063 83 1068 -
119 1046 185 1074 σιν
213 1043 293 1126 pro
321 1031 433 1086 vulg.
462 1029 726 1087 ξυνενόησαν.

116 1186 169 1228 p.
200 1176 256 1213 6⁸1
294 1183 386 1226 sqq.
430 1175 490 1214 et
517 1181 626 1224 quae
669 1169 942 1226 scripsimus.

115 1229 175 1286 ad
200 1229 371 1287 Menon.
389 1241 441 1284 Ap.
473 1232 540 1272 79.
570 1226 624 1270 E.

151 1283 434 1333 ’ἸάδεςἯὲ
453 1284 545 1325 καὶ
572 1282 808 1325 anelat
834 1300 915 1325 τι-

117 1357 203 1390 νες
229 1344 328 1393 Μ.]
380 1341 679 1395 Significantur
715 1341 914 1383 Heracli-

118 1405 192 1442 tus
257 1398 468 1453 Ephesius
527 1403 572 1440 et
626 1398 913 1452 Empedoclea

116 1456 434 1510 Agrigentinus,
511 1454 622 1499 Nam
667 1455 913 1496 Heraclitus

118 1513 337 1555 statuebat
348 1512 599 1554 παλίντονον
617 1510 839 1566 ἁρμονίαν,
853 1511 915 1553 ita

114 1574 167 1612 ut
185 1569 327 1612 omnia
342 1568 621 1611 existimanda
642 1572 786 1611 essent
816 1567 918 1608 δια-

114 1626 336 1696 φερόμενα
365 1624 432 1668 ἀεὶ
435 1626 753 1708 ξυμφέρεσθαι
780 1621 914 1679 ω’ςπερ

115 1684 327 1739 αρμονίαν
374 1680 504 1728 τόξου
546 1695 592 1722 τι
639 1682 714 1722 καὶ
763 1680 909 1737 λύρας.

115 1754 158 1783 v
203 1740 345 1782 Plat.
391 1739 590 1794 Sympos.
637 1752 680 1792 p.
723 1740 819 1779 187.
859 1738 912 1781 A.

116 1798 346 1840 Aristot
386 1795 483 1837 Eth.
529 1802 581 1846 8,
621 1800 661 1835 2.
706 1808 749 1850 p.
783 1798 910 1846 1155,

113 1860 157 1895 Β.
190 1853 259 1895 ed.
289 1853 344 1895 B.
367 1852 520 1894 Stob.
550 1850 680 1905 Phys.
706 1851 740 1893 Ι.
770 1855 866 1906 p.
840 1893 844 1896 ,
871 1855 910 1890 8.

117 1911 272 1964 Diog.
302 1909 486 1963 Laert.
515 1907 646 1951 1Χ.7.
676 1908 790 1950 unde
820 1907 912 1950 eius

113 1970 304 2010 Μοῦσαι
338 1971 543 2008 vocantur
578 1964 909 2021 Υσυντοινώτεροιι,

117 2025 210 2066 sive
237 2023 585 2075 intentiores,
613 2023 793 2076 eleganti
815 2035 913 2063 ver-

113 2082 270 2124 borum
298 2083 417 2122 lusu:
448 2080 590 2121 omnia
610 2080 722 2121 enim
746 2080 815 2120 ille
834 2091 913 2119 vo-

116 2139 235 2182 lebat
279 2137 379 2179 oriri
425 2141 632 2191 perpetua
677 2138 914 2178 elemento-

112 2199 212 2238 rum
238 2199 440 2249 tanquam
461 2194 607 2235 fidium
635 2193 820 2246 quadam
848 2193 913 2234 in-

116 2252 320 2302 tentione.
377 2250 545 2304 Quippe
573 2251 616 2291 in
641 2255 733 2292 arte
752 2250 916 2291 musica

116 2306 170 2350 -τᾶ
202 2308 387 2350 σύντονα
417 2310 624 2359 colorum,
659 2307 729 2360 qui
758 2319 915 2347 vocan-

116 2371 200 2420 tur,
230 2378 386 2420 genera
420 2369 689 2419 opponuntur
718 2368 809 2410 τοῖς
830 2379 915 2417 μα-

110 2425 271 2470 ammte.
331 2420 489 2470 'Unum
537 2427 600 2463 et*
636 2422 769 2462 multa
811 2432 915 2462 vero

108 2480 359 2523 Heraclitus
394 2484 571 2521 eatenus
621 2478 773 2519 dicitur
823 2482 915 2518 sta-

109 2538 276 2588 tuisse,
314 2540 522 2589 quatenus
549 2535 792 2576 universum
821 2534 915 2587 qui-

117 2594 216 2635 dem
245 2605 324 2646 per
351 2606 399 2633 se
425 2604 556 2633 unum
575 2596 620 2633 et
647 2591 916 2632 consentiens

119 2660 217 2692 esse
258 2646 478 2697 iudicavit3
536 2647 615 2689 sed
655 2648 715 2689 ita
755 2652 914 2698 tamen,

118 2711 168 2747 ut
197 2718 251 2747 ex
277 2706 392 2756 eius,
430 2703 544 2756 quod
583 2709 724 2753 esset,
763 2708 807 2745 et
835 2704 916 2744 illi·-

117 2775 194 2815 us,
231 2761 346 2814 quod
386 2772 471 2801 non
510 2765 646 2811 esset,
699 2759 914 2800 discordia

104 2832 172 2861 ·ac
218 2818 461 2859 certamine.
490 2817 686 2858 oriretur.
761 2815 913 2857 Paullo

110 2876 203 2917 alia
244 2874 324 2915 suit
368 2872 578 2914 sententia
626 2871 915 2925 Empedoclis.

120 2932 209 2976 Qui
248 2940 484 2983 quanquam
527 2933 571 2969 et
608 2929 701 2981 ipse
742 2932 916 2968 eatenus

112 2987 271 3031 statuit
295 2999 426 3029 unum
457 2990 501 3027 et
529 2986 660 3026 multa
681 2997 792 3035 esse,
821 2983 917 3035 quia

106 3050 303 3100 quatuor
343 3048 521 3084 naturae
558 3042 766 3082 elementa
817 3053 916 3082 ceu-

103 3103 206 3143 ·suit
252 3101 493 3142 universum
542 3097 742 3152 principio
788 3110 917 3138 unum

121 3157 338 3208 effecisse,
384 3155 462 3198 sed
500 3159 653 3208 postea
687 3153 790 3194 haec
821 3167 919 3196 esse

122 3217 328 3257 dictracta
395 3222 626 3264 rursusque
681 3209 918 3275 conciliata,

107 3271 328 3325 -siquidem
370 3275 545 3311 naturae
590 3266 702 3308 vires
751 3266 802 3307 iis
850 3279 918 3309 re-

110 3327 412 3383 spondentes,
448 3323 642 3366 Amicitia
682 3322 850 3364 diversa
878 3325 921 3366 in

123 3397 253 3430 unum
330 3379 619 3433 coniunxerit,
693 3379 920 3423 Discordia

995 1183 1130 1215 unum
1152 1171 1194 1214 in
1223 1170 1388 1215 diversa
1410 1171 1619 1228 rapuerit·
1648 1177 1791 1217 tamen

994 1229 1038 1270 in
1067 1243 1120 1271 eo
1160 1229 1214 1271 ab
1242 1227 1464 1272 Heraclito
1492 1232 1674 1275 multum
1703 1230 1792 1271 dis-

997 1285 1148 1338 cessit,
1193 1285 1310 1339 quod
1352 1300 1446 1328 eam
1475 1287 1792 1329 contentionem
1853 1332 1860 1342 ‚

995 1347 1124 1396 atque
1152 1354 1335 1396 pugnam
1352 1343 1550 1385 iudicavit
1580 1352 1670 1385 no'n
1692 1352 1793 1387 esse

995 1403 1259 1454 perpetuam.
1293 1399 1470 1442 Censuit
1487 1400 1598 1443 enim
1628 1400 1791 1443 modo

996 1458 1131 1499 multa
1158 1455 1203 1505 in
1232 1468 1361 1498 unum
1397 1458 1654 1510 coalescere,
1689 1470 1792 1500 mo-

997 1512 1062 1554 do
1109 1525 1240 1555 unum
1284 1514 1326 1554 in
1366 1515 1501 1556 multa
1545 1512 1792 1566 discedere3

995 1581 1128 1612 verss.
1155 1575 1208 1609 89
1229 1575 1330 1622 sqq-⁸
1352 1570 1419 1612 ed.
1447 1570 1644 1612 Karsten.
1673 1584 1791 1612 eam-

995 1639 1086 1681 que¹
1107 1626 1436 1676 vicissitudinem
1455 1639 1663 1682 nunquam
1694 1639 1791 1669 ces-

994 1696 1115 1735 sare,
1155 1683 1328 1730 mutatis
1379 1689 1589 1737 perpetuo
1632 1683 1792 1726 Amici-

993 1740 1080 1782 tiae
1121 1752 1172 1781 ac
1209 1740 1459 1781 Discordiae
1498 1741 1683 1793 vicibuS‚
1730 1741 1790 1783 ita

997 1801 1045 1837 ut
1081 1797 1301 1848 utriusque
1341 1797 1463 1849 quasi
1510 1797 1626 1850 regni
1672 1797 1788 1841 vices

994 1858 1114 1900 certo
1153 1853 1355 1906 temporis
1396 1853 1501 1895 orbe
1538 1852 1680 1900 essent
1706 1855 1788 1895 cir-

993 1910 1296 1963 cumscriptae3
1343 1909 1440 1951 ibid.
1494 1923 1560 1952 vv.
1603 1909 1671 1952 67‘
1695 1923 1786 1964 sqq.

994 1971 1039 2009 et
1069 1971 1121 2007 93
1152 1979 1242 2019 sqq.
1296 1965 1527 2017 Enimvero
1556 1967 1592 2008 si
1622 1977 1714 2019 rem
1731 1967 1787 2008 ad

996 2024 1137 2066 vivum
1166 2023 1485 2074 retiacum-imus,
1520 2024 1582 2064 sic
1610 2024 1680 2074 ille
1709 2025 1788 2065 sibi

997 2085 1290 2135 persuaseratz
1330 2080 1531 2133 principio
1560 2092 1690 2129 unum
1720 2079 1787 2123 fu-

997 2139 1084 2180 isse
1129 2137 1270 2178 omnia
1319 2135 1534 2178 harmonia
1576 2137 1787 2189 iunctum,

997 2200 1089 2236 tum
1107 2194 1290 2235 intrasse
1307 2193 1581 2235 Discordiam.
1592 2199 1635 2236 et
1654 2207 1785 2243 unum

996 2252 1040 2293 in
1086 2251 1252 2292 diversa
1306 2249 1597 2302 distraxisse‚·
1636 2256 1789 2304 postea

995 2321 1141 2349 rursus
1171 2319 1248 2347 suo
1277 2310 1470 2360 tempore
1485 2307 1652 2349 venisse
1672 2308 1791 2349 Ami-

998 2365 1140 2406 citiam
1180 2363 1464 2415 distractaque
1502 2365 1711 2405 elementa
1747 2365 1791 2406 iu

997 2421 1143 2464 mundi
1172 2420 1353 2461 formam
1381 2421 1700 2476 composuisse3
1729 2421 1791 2461 sic

997 2480 1144 2520 ambas
1186 2477 1277 2519 illas
1314 2477 1426 2518 vires
1475 2478 1594 2530 quasi
1640 2470 1791 2519 luctari

996 2537 1109 2578 inter
1133 2548 1180 2576 se
1208 2538 1415 2588 perpetuo
1450 2547 1629 2586 eamque
1654 2536 1790 2575 lucta-

996 2593 1156 2634 tionem
1195 2604 1273 2645 pro
1311 2592 1407 2643 lege
1445 2596 1619 2641 naturae
1645 2591 1790 2632 haberi

986 2653 1210 2703 oportere.
1229 2660 1269 2688 v,
1302 2647 1560 2694 Karsten.
1589 2661 1630 2688 ιιι
1645 2647 1793 2699 Opere

995 2703 1356 2761 praestantissimo
1406 2702 1480 2744 De
1528 2703 1656 2757 Emp
1668 2702 1790 2744 edo-

997 2764 1076 2803 cle
1105 2775 1145 2814 p.
1179 2764 1276 2804 363.
1336 2759 1483 2801 Quum
1518 2759 1645 2811 igitur
1683 2759 1790 2800 Em-

995 2818 1199 2873 pedocles
1249 2815 1419 2863 alternis
1480 2815 1610 2857 modo
1659 2829 1791 2858 unum

999 2887 1094 2916 esse
1142 2873 1383 2915 universum
1428 2877 1471 2913 et
1505 2877 1651 2914 amore
1699 2874 1790 2915 iun-

999 2937 1136 2981 ctum,
1168 2927 1297 2971 modo
1328 2929 1460 2969 multa
1497 2933 1542 2970 et
1568 2927 1792 2972 Discordia

1000 2987 1273 3030 dissociatum
1300 2985 1518 3035 statuerit3
1557 2985 1679 3027 facile
1707 2987 1792 3028 iam

998 3043 1278 3094 intelligetur,
1309 3053 1383 3082 cur
1410 3042 1592 3082 Μοῦσαι
1618 3043 1794 3083 Σικελι-

1001 3100 1076 3139 καί
1101 3099 1291 3146 dicantur
1307 3096 1616 3152 μαλακώτεραι,
1640 3101 1795 3155 quippe

1001 3169 1110 3209 quae
1167 3153 1276 3195 illud
1317 3153 1382 3193 αεὶ
1428 3153 1477 3194 τὸ
1530 3161 1614 3196 πᾶν
1659 3156 1795 3203 οὕτως

1002 3213 1111 3263 illm
1144 3209 1267 3264 quasi
1312 3212 1550 3255 relaxarunt
1594 3213 1792 3263 nonnihil,

1004 3268 1084 3311 hoc
1123 3272 1190 3309 est
1229 3266 1472 3320 mitigarunt
1502 3273 1546 3309 et
1574 3271 1793 3311 emollive—

1005 3330 1113 3366 runt.
1158 3324 1348 3366 Illustrat
1366 3323 1472 3364 hunc
1489 3326 1627 3367 locum
1656 3326 1792 3367 Sim-

1007 3380 1211 3436 plicius
1257 3379 1313 3423 ad
1353 3379 1484 3435 Phys.
1523 3383 1703 3425 Aristot.
1759 3381 1793 3423 1.
