2028 3750
764 171 1188 225 SOPHISTA.
1726 172 1832 223 189

137 320 197 376 δὲ
237 318 339 374 τοῦ
380 318 653 398 σοφιστοῦ
688 338 796 374 που
840 321 1026 387 δῆλον,
1069 316 1144 384 ὡς
1169 315 1270 375 οὐκ
1299 314 1541 386 ἀνετέον,
1580 313 1714 393 πρὶν
1754 310 1830 371 ἂν

134 405 337 467 ἱκανῶς
376 399 553 458 αὐτὸν
595 401 972 474 θεασώμεθα.

262 488 470 542 ΘΕΑΙ.
556 488 759 550 Καλῶς
802 485 963 552 εἶπες.
1818 531 1820 535 .

180 607 182 609 »
263 565 404 646 Cap.
432 565 560 625 XL.
645 565 760 630 ΞΕ.
789 567 908 626 ‘''Ov
947 559 1062 625 οὖν
1089 566 1156 637 δὴ
1191 589 1260 625 τα
1303 569 1406 640 μὲν
1446 565 1578 643 ἡμῖν
1605 569 1717 626 τῶν
1738 589 1827 641 γε-

133 654 249 710 νῶν
270 650 622 725 ὡμολόγηται
664 663 945 712 κοινωνεῖν
971 657 1188 709 ἐθέλειν
1212 650 1487 720 αλλήλοις,
1531 676 1600 709 τα
1644 657 1701 710 δὲ
1729 651 1824 727 μή,

134 740 228 794 καὶ
269 733 340 792 τὰ
387 739 489 809 μὲν
531 734 616 792 ἐπ
663 736 885 808 ὀλίγον,
920 735 991 792 τὰ
1036 736 1088 793 δ’
1118 740 1228 792 ‘eni
1271 736 1482 804 πολλά,
1523 736 1594 793 τὰ
1637 741 1826 794 δὲκαὶ

134 819 228 877 διὰ
272 818 502 877 πάντων
546 818 707 876 οὐδὲν
746 819 973 878 κωλύειν
1015 830 1133 885 τοῖς
1175 824 1314 877 πᾶσι
1355 779 1832 889 κεκόινωνήκὲναι,

135 902 199 963 τὸ
241 902 310 973 δὴ
352 901 490 978 μετὰ
533 906 704 962 τοῦτο
749 897 1213 976 ξυνεπισπώμεθα
1258 907 1336 975 τῷ
1378 904 1523 977 λόγῳ
1549 909 1675 984 τῇδε
1700 925 1828 962 σκο-

134 993 398 1056 ποῦντες,
441 985 518 1062 μὴ
559 989 684 1062 περὶ
725 986 953 1044 πάντων
997 992 1109 1053 τῶν
1151 992 1340 1054 εἱδῶν,
1368 994 1461 1044 ἵνα
1500 987 1576 1061 μὴ
1619 1012 1830 1061 ταρατ-

135 1073 372 1145 raim-90⁶
413 1079 473 1129 ἐν
515 1076 775 1137 πολλοῖς,
819 1070 964 1126 ἀλλὰ
1009 1071 1371 1146 προελόμενοι
1410 1076 1523 1128 ,τῶν
1562 1078 1827 1145 μεγίστων

135 1162 442 1230 λεγομένων
508 1153 679 1222 ἅττα,
748 1158 971 1226 πρῶτον
1037 1159 1138 1227 μὲν
1195 1161 1333 1212 ποῖα
1399 1157 1599 1212 ἕκαστά
1663 1163 1826 1224 ἐστιν,

134 1247 322 1298 ε’πειτα·
353 1242 644 1303 κοινωνιας
685 1237 939 1306 ἀλλήλων
981 1243 1096 1303 πῶς
1140 1244 1237 1311 ἐ’χει
1285 1238 1581 1335 δυνάμεως,
1625 1247 1716 1296 ἵνα
1760 1241 1827 1297 τό

133 1347 193 1382 τε
245 1321 312 1381 ὃν
369 1327 462 1380 καὶ
516 1319 593 1395 μὴ
643 1319 710 1378 ὃν
745 1344 811 1378 ει
873 1346 950 1395 μη
1003 1323 1153 1399 πάσῃ
1210 1327 1486 1399 σαφηνεία
1526 1323 1829 1397 δυνάμεθα
1895 1322 1898 1326 ’

81 1474 83 1481 ¹
132 1412 352 1480 λαβεῖν,
394 1406 515 1462 ἀλλ’
568 1427 681 1462 ουν
733 1403 904 1475 λόγου
956 1428 1017 1475 γε
1058 1411 1250 1472 ἐνδεεῖς
1288 1412 1460 1478 μηδὲν
1501 1408 1827 1481 γιγνώμεθα

30 1513 57 1564 ἦ
134 1498 258 1566 περὶ
297 1490 511 1556 αὐτῶν,
555 1488 702 1544 καθ’
750 1487 886 1545 ὅσον
929 1488 958 1546 ὁ
1006 1490 1210 1564 τρόπος
1248 1495 1517 1563 ἐνδέχεται
1576 1496 1676 1560 τῆς
1720 1497 1824 1550 νῦν

132 1583 372 1653 σκέψεως
389 1601 405 1641 ,·
458 1572 556 1629 ἐὰν
599 1570 714 1647 ἄρα
755 1571 888 1645 ἡμῖν
927 1596 1002 1650 πῃ
1046 1573 1367 1653 παρεικάθῃ
1410 1573 1473 1631 τὸ
1511 1573 1586 1647 μὴ
1630 1576 1696 1631 ὃν
1735 1581 1819 1635 λέ-

132 1681 326 1734 γουσιν
365 1657 439 1724 ὡς
481 1662 628 1714 ἔστιν
669 1653 843 1723 ὅντως
881 1655 957 1731 μὴ
1003 1654 1068 1716 ὃν
1109 1657 1334 1730 ἀθῴοις
1373 1658 1767 1718 ἀπαλλάττειν.

238 1878 343 1924 ε’()τ’
383 1871 481 1921 ουν
524 1878 584 1932 δὴ
626 1897 686 1921 τα
728 1879 823 1935 μὲν
850 1895 887 1920 κ.
928 1895 967 1921 τ.
1000 1878 1071 1929 λ.]
1128 1880 1241 1922 Post
1270 1877 1439 1921 πάντων
1467 1882 1595 1935 vulgo
1626 1883 1751 1924 colon
1779 1887 1824 1925 et

132 1944 234 1996 post
262 1954 479 1994 κεκοινωιι
507 1943 712 1992 punctum
740 1939 993 1992 ponebatur.
1051 1937 1309 1981 Emendavit
1338 1938 1655 1981 distinctionem
1683 1940 1824 1982 Hein-

133 1997 306 2095 ὀοώιέξ.
359 2049 417 2092 οὔ
433 2051 515 2091 (izv
546 2067 570 2091 κ
586 2049 685 2093 ωλυ’
696 2066 714 2092 ε
727 2051 800 2106 ιν]
860 2049 912 2092 V.
942 2048 1102 2091 κωλύει.
1145 2051 1398 2094 Infinitivum
1418 2042 1671 2095 confirmant
1690 2052 1821 2097 Coisl.

131 2111 238 2155 Ven.
265 2111 348 2152 ΛΔ.
326 2108 469 2151 ’“”ΠΣ.
502 2108 626 2151 Vind.
657 2109 758 2161 Par.
790 2094 992 2149 BC'FH
1023 2108 1141 2150 Flor.
1173 2122 1211 2149 a
1242 2110 1283 2150 b.
1315 2122 1351 2150 c.
1383 2110 1409 2152 i
1443 2110 1545 2153 Zitt.

245 2168 299 2209 D.
361 2165 486 2220 ημῖν
519 2183 586 2221 πῃ
625 2164 971 2221 παρεικάθῃ]
1015 2165 1054 2206 Ι
1058 2165 1136 2206 ibri
1168 2170 1457 2221 παρεικασθῆ.
1516 2167 1708 2210 Atticum
1735 2183 1825 2211 πα.

132 2223 316 2284 ρεικάθῃ
346 2223 532 2279 restituit
548 2223 816 2267 BoeckhiuS.
846 2222 955 2264 conf.
986 2222 1212 2265 Ruhnken.
1243 2222 1299 2266 ad
1329 2223 1440 2266 Tim.
1470 2237 1512 2280 p.
1545 2229 1614 2266 8Ί.

131 2368 185 2422 γέ
218 2379 286 2410 σοι
325 2363 599 2419 βουλομένῳ
588 2363 724 2405 ἐστιν
758 2361 938 2438 ἆποκρί-
1019 2354 1242 2405 mutuae
1269 2361 1416 2405 inter
1441 2364 1563 2419 ipsa
1592 2377 1824 2408 commu-

130 2428 307 2465 νεσθαι.
338 2420 501 2464 Phaed.
533 2436 575 2476 p.
611 2427 677 2462 78.
709 2422 762 2462 Β.
798 2423 836 2462 εἴ
866 2437 937 2462 σοι

50 2521 54 2523 ,
128 2479 317 2534 ἡδομένῳ
349 2481 472 2520 ἐστίν.
503 2479 662 2531 Cratyl.
692 2492 734 2533 p.
762 2482 858 2520 384.
881 2478 933 2520 Α.

130 2539 172 2578 εἴ
197 2552 267 2578 σοι
292 2538 532 2590 βριλομένῳ
563 2537 688 2579 ἐστίν
722 2535 857 2577 Lach.
889 2550 930 2589 p.

133 2590 931 2662 187.C.a1.Xenoph.Cyrop.lV.

133 2657 180 2704 5,
215 2654 282 2691 10.
330 2648 417 2702 δ’τῳ
460 2665 580 2703 υμων
608 2647 667 2704 μὴ
701 2649 932 2703 αχθομένῳ

131 2710 211 2761 εἴη.
272 2706 347 2747 Sic
385 2705 516 2747 etiam
557 2705 712 2748 Latini.
758 2706 930 2746 Tacit.

131 2764 320 2820 Agricol.
362 2766 429 2802 18.
480 2763 674 2815 quibus
726 2761 932 2804 bellum

131 2821 452 2863 volentibus
511 2824 647 2859 erat.
712 2819 933 2860 Macro-

130 2879 253 2920 bius
291 2875 932 2919 Saturn.v1.1.vl.6,v11.

132 2940 200 2977 12.
265 2934 309 2974 si
379 2933 703 2975 volentibus
775 2932 932 2973 vobis

131 2979 571 3035 erit.1d.V11.7.
617 2991 662 3031 si
705 2989 932 3030 t1b1vo-

130 3049 264 3092 lenti
323 3047 439 3090 erit.
487 3046 612 3089 conf.
661 3045 933 3126 Matthiae

128 3107 206 3148 Gr.
237 3106 275 3157 ἓ.
308 3109 405 3146 388.
439 3117 477 3146 e.

170 3188 276 3233 ‘'Oz'
327 3205 426 3230 ουν
464 3187 524 3242 δὴ
556 3213 612 3221 -
643 3184 931 3245 ὡμολόγη-

128 3247 245 3302 ται]
277 3247 330 3289 Ρ.
361 3251 460 3291 252.
490 3246 529 3289 E
560 3261 623 3302 sq.

184 3331 234 3374 C.
301 3332 494 3376 ἔπειτα
545 3330 835 3378 κοινωνίας
870 3351 929 3360 ·-

128 3386 422 3449 δυνάμεως]
448 3394 664 3448 qualem
694 3388 930 3432 habeant

1017 2421 1203 2462 nionis
1233 2419 1576 2465 facultatem.

1077 2477 1127 2518 C.
1188 2477 1327 2536 εἰμὴ
1372 2477 1512 2535 πάσῃ
1543 2482 1821 2534 σαφηνείᾳ,

1015 2531 1130 2576 αλλ
1164 2539 1260 2576 οὐν
1289 2533 1460 2589 λόγου
1491 2536 1564 2590 γε]
1597 2537 1670 2578 Sic
1691 2539 1822 2580 etiam

1016 2591 1172 2634 Latine
1212 2591 1389 2634 dixeris:
1439 2593 1487 2634 si
1539 2609 1640 2634 non
1676 2595 1822 2636 omni

1017 2662 1116 2702 qua
1157 2661 1252 2702 par
1292 2654 1378 2691 est
1413 2650 1822 2719 perspicuitate

1019 2704 1491 2759 comprehendere
1538 2721 1598 2748 ea
1642 2710 1820 2761 possi-

1016 2773 1157 2813 muS,
1201 2766 1259 2802 at
1297 2768 1439 2804 certe
1488 2776 1592 2805 non
1637 2778 1819 2806 carea—

1016 2828 1133 2858 mus
1165 2818 1553 2870 explicatione.
1583 2833 1621 2861 v.
1655 2821 1711 2862 ad
1730 2821 1820 2862 La-

1018 2873 1126 2914 chet.
1146 2887 1187 2927 p.
1212 2875 1374 2916 183.Α.
1405 2875 1475 2916 ubi
1504 2879 1638 2918 multa
1667 2878 1709 2918 id
1739 2892 1818 2931 {ze-

1016 2942 1095 2971 nus
1122 2932 1317 2984 exempla
1341 2936 1648 2985 congessimus.
1704 2935 1820 2977 Hinc

1019 2989 1317 3040 corrigendum
1355 2989 1469 3042 quod
1508 2991 1664 3053 legitur
1704 2992 1818 3034 Pro-

1015 3049 1102 3097 tag·
1128 3058 1169 3098 p.
1199 3049 1295 3090 227.
1320 3045 1369 3087 (3.
1397 3045 1495 3086 ἀλλ’
1528 3055 1608 3089 ουν
1636 3046 1820 3102 αὐληταὶ

1012 3105 1120 3161 γοῦν
1148 3102 1307 3148 πάντες
1337 3097 1466 3156 ἦσαν,
1498 3117 1584 3158 quo
1611 3107 1711 3147 loco
1742 3111 1818 3148 aut

1014 3162 1096 3198 οῠν
1145 3159 1373 3207 delendum
1425 3166 1499 3202 aut
1542 3167 1652 3217 γοῦν
1688 3162 1731 3205 in
1765 3178 1816 3218 γε

1013 3216 1261 3275 mutandum
1293 3230 1530 3259 censemus.

1070 3277 1161 3312 ξαν
1198 3288 1311 3327 &Qu
1351 3271 1480 3329 ἡμῖν
1515 3291 1588 3329 πῃ
1611 3291 1814 3333 παρει-

1011 3327 1187 3395 κάθῃ]
1239 3330 1282 3371 si
1322 3330 1472 3374 forte
1510 3347 1612 3386 qua
1654 3335 1814 3375 nobis

1011 3385 1179 3429 liceat
1216 3386 1267 3430 id
1297 3387 1439 3443 quod
1468 3402 1574 3433 non
1612 3395 1700 3433 est
1739 3390 1814 3432 di-
