2028 3750
224 217 295 278 ιο
800 217 1314 290 recusaturum

228 358 567 408 Parmenides.
670 361 870 407 Etenim
896 414 901 417 ,
932 359 1081 410 sicuti
1142 375 1232 408 uos
1303 360 1588 424 generalem
1651 363 1900 426 essentiae

229 431 484 478 notionem
542 430 716 477 animis
775 430 958 481 nostris
1013 429 1327 479 informatam
1388 437 1648 492 tenemus,
1707 435 1902 483 etiamsi

230 517 341 548 cum
381 500 630 548 esseutiae
666 505 841 548 natura
883 501 1016 548 varIa
1058 517 1114 548 ac
1163 503 1454 566 multiplicia
1491 503 1730 552 attributa
1768 506 1900 553 sole·

229 587 341 627 mus
379 571 712 633 couiuuge1·e;
764 573 832 618 ita
864 571 939 618 illi
988 587 1213 635 quoque,
1264 573 1386 624 licet
1419 574 1557 623 ideas
1605 579 1902 636 statuerent,

230 648 396 700 tamen
448 641 626 697 summi
676 642 807 690 eutis
850 643 1096 693 unitatem
1144 649 1433 703 servarunt,
1491 646 1590 693 imo
1636 654 1787 706 vero,
1839 647 1903 696 ad

228 711 553 774 Xenophanis
586 713 777 762 reversi
813 714 1139 774 seutentiam,
1192 730 1299 762 eam
1336 729 1429 778 pro
1465 716 1576 780 ipso
1612 713 1721 764 Deo
1755 721 1905 780 atque

227 781 371 841 Bono
408 782 704 834 habuerunt.
779 782 962 832 Fuisse
1000 790 1166 838 autem
1201 786 1314 838 illos
1350 787 1400 833 in
1437 802 1495 833 ea
1533 787 1811 847 sententia,
1847 793 1905 837 ut

227 853 366 906 ideas
403 869 518 901 esse
556 853 650 902 sibi
686 855 1064 919 persuaderent,
1104 872 1252 918 quum
1289 873 1349 904 ex
1383 859 1495 920 ipso
1537 856 1739 905 Platone
1775 859 1905 906 veri-.

230 924 396 971 simile
431 924 536 985 fiat,
571 931 676 971 tum
714 942 839 973 nunc
878 928 1158 976 certissimo
1196 933 1393 978 constat
1428 929 1716 977 testimonio
1754 929 1904 978 Ari-

231 995 495 1049 stotelis
541 994 831 1061 Metaphvs
873 997 1105 1048 X1V.4
1150 1015 1198 1063 p.
1237 1000 1358 1048 301
1412 999 1488 1045 ed.
1535 999 1743 1050 Biaud.2
1794 999 1905 1050 τῶν

233 1065 292 1122 δὲ
327 1059 427 1126 τὰς
474 1061 854 1151 ἀκινήτους
905 1064 1152 1127 οὐσίας
1199 1065 1339 1122 εἶναι
1388 1063 1660 1133 λεγόντων
1711 1070 1766 1121 οἱ
1798 1072 1905 1136 μέν

231 1152 407 1206 (paam
460 1130 628 1197 αὐτὸ
683 1131 756 1192 τὸ
807 1136 871 1194 ἓν
917 1133 994 1190 τὸ
1041 1132 1328 1203 ἀγαθὸν
1377 1134 1543 1190 αὐτο
1585 1138 1749 1191 εἶναι
1798 1138 1904 1191 οὐ·

231 1210 390 1257 σιάν
423 1209 618 1273 μέντοι
651 1202 714 1260 τὸ
754 1207 810 1258 ἓν
846 1205 1018 1259 αὐτοῦ
1054 1205 1229 1273 ᾤοντο
1271 1206 1411 1260 εἶναι
1445 1205 1697 1276 μάλιστα.
1762 1213 1921 1274 Quae

230 1279 431 1342 quidem
480 1279 632 1328 verba
675 1278 736 1327 ad
783 1279 1070 1345 Megaiicos
1119 1280 1308 1332 referri
1357 1287 1622 1346 oportere,
1674 1282 1904 1332 luculen—

227 1350 423 1407 tissime
470 1354 630 1433 patet
668 1365 728 1399 ex
775 1352 913 1412 istis,
969 1352 1022 1401 οἱ
1061 1352 1173 1417 ’μέν
1219 1367 1392 1419 φασιν
1440 1347 1573 1404 αὐτὸ
1622 1350 1685 1403 τὸ
1735 1352 1791 1403 ἓν
1838 1348 1903 1404 τὸ

227 1414 461 1485 ἀγαθὸν
499 1415 633 1471 αὐτὸ
685 1417 848 1481 εἶναι,
898 1438 1043 1485 quam
1087 1421 1246 1470 fuisse
1283 1421 1654 1485 Megaricorum
1701 1430 1906 1475 sentem.

229 1492 349 1544 tiam
401 1492 715 1555 exploratum
764 1493 1022 1544 habemus.
1108 1492 1282 1557 Itaque
1337 1494 1410 1541 sic
1458 1495 1602 1544 nobis
1649 1498 1903 1561 persuasi-

228 1579 367 1623 mus,
423 1562 683 1621 Euclidem
734 1570 789 1612 et
833 1581 986 1614 unum
1022 1564 1127 1612 Ens
1177 1564 1434 1629 posuisse,
1492 1570 1545 1615 et
1571 1561 1695 1629 ,εἰὃη
1731 1562 1907 1616 πολλά

229 1634 500 1695 statuisse,
547 1651 674 1698 quae
709 1635 862 1685 veluti
898 1640 1071 1701 partes
1117 1640 1170 1683 et
1218 1634 1408 1684 formas
1446 1636 1579 1686 illius
1617 1637 1904 1690 efficerent.

226 1703 421 1763 Verum
457 1706 552 1754 hac
588 1707 698 1771 ipsa
732 1707 782 1754 in
827 1723 886 1756 re
936 1707 1024 1754 ille
1071 1706 1348 1757 &Platone
1393 1709 1600 1757 multum
1654 1708 1908 1761 dissensit.

227 1775 321 1827 Ille
358 1777 491 1836 enim
528 1794 677 1843 quum
711 1777 1021 1830 Parmenidis
1069 1777 1132 1832 de
1169 1777 1312 1827 Eutis
1364 1780 1667 1840 constantia,
1719 1781 1904 1830 immu-

226 1847 505 1909 tabilitate,
571 1850 929 1912 aequabilitate
1003 1850 1288 1914 opinionem
1357 1849 1570 1901 firmiter
1641 1852 1906 1912 retineret,

228 1919 380 1981 etiam
426 1919 566 1968 ideas
618 1936 733 1975 suas
777 1921 936 1972 voluit
988 1936 1103 1970 esse
1151 1922 1411 1980 immotas,
1468 1921 1702 1982 stabiles,
1754 1928 1907 1985 atque

224 1989 296 2050 ita
333 1991 693 2056 sempiternas,
747 1997 818 2051 ut¹
850 2007 943 2046 nec
985 1993 1120 2040 inter
1154 1993 1288 2056 ipsas
1329 2007 1421 2040 nec
1455 2009 1566 2041 cum
1602 1995 1756 2041 rebus
1795 2010 1904 2041 mu-

224 2061 461 2111 tabilibus
505 2061 654 2111 ullam
701 2062 952 2114 haberent
995 2064 1406 2117 coniunctionem,
1491 2063 1691 2127 Quippe
1734 2065 1905 2127 aequi-

224 2133 437 2196 paravit.
465 2148 549 2182 eas
598 2135 780 2183 mentis
827 2134 1071 2183 humanae
1115 2134 1431 2193 notionibus,
1486 2150 1612 2196 quae
1665 2140 1905 2183 vocantur

230 2200 538 2263 abstractae,
588 2221 708 2269 quas
755 2211 922 2254 tamen
971 2206 1122 2254 etiam
1158 2220 1253 2267 per
1289 2219 1344 2252 se
1381 2219 1606 2253 seorsum
1651 2206 1747 2254 sibi
1786 2221 1905 2253 con-

229 2279 366 2322 stare
402 2275 574 2329 vomit,
645 2275 764 2325 Fuit
811 2275 1102 2325 enim-haec
1139 2275 1449 2324 Graecorum
1485 2276 1904 2340 pbilosophorum

227 2345 290 2392 ad
326 2346 653 2402 Aristotelem
691 2363 849 2410 usque
886 2347 1158 2398 communis
1195 2347 1350 2407 ratio,
1389 2352 1443 2395 ut
1481 2347 1713 2412 quidquid
1755 2347 1904 2396 intel-

226 2414 473 2480 ligeretur
514 2433 681 2477 esse,
738 2419 871 2468 idem
919 2419 1068 2467 etiam
1129 2434 1188 2467 re
1232 2434 1290 2466 ac
1337 2419 1549 2466 veritate
1604 2433 1750 2467 esse
1797 2417 1903 2470 vel-

225 2484 362 2547 lent,
418 2486 633 2551 ideoque
679 2490 862 2536 mentis
921 2490 1276 2552 cogitationem
1325 2493 1377 2535 et
1424 2489 1584 2552 ipsam
1633 2489 1904 2538 essentiam

225 2556 297 2605 iu'
325 2573 474 2614 unum
528 2557 908 2616 confuuderent.
997 2560 1144 2621 Quod
1195 2559 1394 2622 quidem
1450 2559 1648 2607 Euclidi
1705 2574 1904 2623 quoque

227 2628 481 2692 placuisse
516 2644 578 2682 eo
613 2631 774 2681 minus
811 2630 1037 2679 mirabile
1077 2635 1183 2688 cst,
1237 2629 1367 2692 quod
1402 2630 1445 2678 is
1483 2631 1534 2678 iu
1571 2630 1665 2678 hac
1703 2645 1902 2694 quoque

228 2698 486 2754 doctrinae
541 2716 661 2749 suae
721 2707 865 2766 parte
917 2701 1263 2750 Parmenidem
1325 2705 1404 2749 est
1467 2707 1696 2760 secutus,
1754 2717 1905 2764 quem

228 2770 463 2835 docuisse
499 2776 695 2821 constat
740 2773 792 2823 id
833 2772 964 2837 quod
1009 2778 1189 2826 esset
1225 2777 1374 2835 atque
1412 2773 1715 2837 cogitare
1752 2788 1904 2843 unum

231 2829 465 2907 idemque
519 2844 693 2894 videri.
750 2859 795 2894 v.
843 2843 1076 2908 Prolegg.
1132 2844 1195 2893 ad
1236 2843 1513 2914 Parmenid.
1575 2861 1624 2909 p.
1676 2844 1744 2891 16
1793 2833 1901 2907 sqq.

233 2911 340 2968 llas
375 2914 529 2978 igitur
563 2929 621 2972 ac
656 2914 785 2964 tales
821 2915 958 2965 ideas
995 2914 1233 2964 Euclides
1279 2916 1486 2978 eiusque
1537 2915 1678 2963 amici
1726 2915 1902 2978 utique

232 2989 527 3034 statuerunt.
597 2984 790 3036 Verum
824 2988 959 3036 enim·
995 3001 1115 3034 vero
1153 3001 1302 3050 quum
1340 2987 1540 3034 easdem
1579 2986 1687 3034 illas
1725 3001 1901 3034 cense-

222 3059 338 3103 rent
374 3060 426 3103 et
462 3055 771 3106 affirmarent
806 3073 1014 3122 prorsus
1052 3073 1166 3107 esse
1189 3059 1419 3105 immotas
1451 3063 1504 3104 et
1546 3057 1899 3115 immutabiles,

224 3125 339 3187 quid
384 3126 501 3175 inde
554 3143 705 3190 porro
757 3129 824 3178 sit
872 3134 1222 3188 consecutum,
1277 3129 1339 3176 ad
1381 3128 1755 3190 intelligendum
1800 3142 1899 3174 nou

225 3202 305 3245 est
351 3195 578 3246 difficile.
667 3201 844 3263 Neque
906 3202 1035 3248 enim
1097 3203 1372 3263 potuerunt
1428 3201 1743 3263 perspicere,
1802 3213 1896 3259 qua

225 3266 419 3326 ratione
457 3266 619 3318 locum
658 3270 870 3319 haberet
908 3277 993 3321 aut
1041 3271 1264 3319 idearum
1313 3271 1636 3335 complurium
1674 3272 1804 3316 inter
1841 3284 1897 3315 se

228 3343 400 3388 mutua
437 3339 720 3390 coniunctio
758 3349 844 3389 aut
879 3343 1023 3390 unius
1061 3343 1384 3402 eiusdemque
1421 3343 1562 3389 ideae
1596 3356 1705 3388 cum
1744 3341 1895 3389 rebus

230 3405 492 3469 individuis
528 3411 805 3475 copulatio,
852 3413 1067 3476 ideoque
1105 3412 1418 3463 sustulerunt
1455 3413 1732 3475 synthetica
1769 3412 1894 3460 iudi-
