2028 3750
220 173 294 224 46
799 169 1323 222 PROLEGOMENA

223 313 400 376 tricata
435 312 585 362 huius
633 312 711 363 rei
748 312 1024 378 disputatio
1061 316 1171 373 est,
1222 313 1524 377 praesertim
1573 327 1723 379 quum
1758 314 1906 365 Plato

223 384 336 451 ipse
374 400 616 446 nusquam
653 384 842 432 diserte
879 384 1261 447 significaverit,
1312 401 1429 434 sese
1474 397 1656 434 nomen
1704 393 1907 436 contra-

227 463 360 504 ctum
411 455 573 517 aliquo
624 454 774 503 modo
820 455 1017 503 solvere
1065 461 1295 503 conatum
1346 473 1491 517 esse,
1548 472 1711 520 neque
1757 459 1907 506 etiam

227 525 520 591 deperditus
559 525 735 589 aliquis
774 525 904 575 liber
941 532 1389 587 commemoretur,
1429 529 1512 591 qui
1549 528 1657 575 huc·
1684 529 1908 576 revocari

159 658 161 660 Ι
226 602 394 661 queat..
467 597 802 658 Quamobrem
846 601 956 645 tota
1005 597 1132 645 haec
1180 600 1405 662 quaestio
1441 614 1539 647 una
1577 599 1752 646 nititur
1788 614 1908 646 con-

225 669 445 725 iectura,
495 669 575 716 cui
624 683 767 731 quam
817 669 1160 732 periculosum
1199 670 1266 718 sit
1318 674 1428 718 tuto
1468 669 1724 718 confidere
1758 685 1909 730 nemo

226 743 307 787 est
357 739 471 801 quin
519 744 704 804 sponte
751 738 933 788 videat.
1002 739 1336 805 Experiamur
1380 745 1574 801 tamen,
1627 757 1687 788 an
1722 737 1910 803 aliquid

227 811 492 873 exquirere
543 811 823 874 possimus,
873 809 1004 875 quod
1050 816 1192 859 certe
1239 826 1338 860 non
1374 812 1521 876 plane
1558 827 1585 859 a
1620 811 1909 860 verisimili-

229 883 403 936 tudine
451 882 736 930 abhorreat.
821 881 894 930 Et
939 879 1023 930 hic
1074 883 1276 946 quidem
1338 884 1482 932 nobis
1533 883 1748 947 primum
1795 896 1909 931 cum

228 952 853 1002 Schleiermachero
891 968 975 1002 res
1018 955 1148 1013 erit,
1207 954 1292 1018 qui
1328 952 1628 1018 Philosophi
1663 955 1910 1019 picturam

225 1026 279 1073 in
327 1022 563 1089 Sophista
614 1029 667 1072 et
709 1023 924 1072 I'olitico
986 1025 1285 1088 promissam
1331 1025 1384 1073 in
1434 1027 1636 1090 scriptis
1683 1024 1910 1074 Platonis

226 1097 404 1160 utique
442 1096 658 1161 reperiri
702 1110 991 1144 asseverare
1037 1110 1138 1144 nou
1186 1096 1441 1146 dubitavit.
1514 1093 1724 1145 Censuit
1778 1096 1911 1144 enim

226 1170 304 1215 ‘vir
341 1168 573 1231 egregins
626 1166 960 1215 desideratam
1007 1166 1273 1215 inchoatae
1322 1167 1675 1232 disputationis
1712 1172 1910 1232 partem

227 1238 276 1287 in
315 1240 507 1287 duobus
548 1238 794 1286 contineri
829 1238 969 1286 libris
1009 1239 1158 1286 etiam
1184 1253 1314 1286 nunc
1334 1239 1711 1303 superstitibus,
1745 1236 1911 1286 Phae-

229 1311 362 1359 done
410 1319 462 1357 et
507 1308 805 1374 SymposiO,
858 1324 1069 1371 quornm
1117 1309 1246 1357 alter
1294 1309 1911 1375 philosophi-morientis,

229 1382 358 1429 alter
394 1380 682 1445 philosophi
730 1380 939 1427 viventis
986 1381 1253 1443 imaginem
1297 1382 1370 1428 ita
1418 1381 1482 1429 ob
1529 1380 1702 1428 oculos
1738 1384 1911 1443 ponat,

226 1458 286 1501 ut
322 1452 574 1500 desiderio
613 1451 831 1499 omnium
855 1478 859 1481 ,
881 1450 1078 1498 abunde
1125 1451 1443 1500 satisfactum
1482 1467 1594 1500 esse
1629 1449 1788 1499 videri
1823 1449 1911 1498 de-

228 1524 364 1574 beat.
402 1540 444 1572 v.
485 1522 705 1571 Praefat.
758 1522 866 1570 eius
904 1521 968 1570 ad
1017 1521 1189 1586 Symp.
1229 1538 1282 1586 p.
1320 1522 1439 1571 369.
1514 1522 1671 1583 Quam
1711 1522 1912 1586 quidem

225 1596 524 1645 sententiam
575 1610 722 1658 quum
772 1610 870 1642 non
915 1591 1172 1642 defuerint
1218 1591 1302 1657 qui
1350 1607 1448 1641 non
1502 1593 1663 1641 solum
1702 1607 1914 1641 assensu

226 1682 319 1718 suo
358 1667 763 1733 comprobarent,
802 1663 891 1713 sed
930 1667 1078 1712 etiam
1113 1669 1345 1728 tanquam
1369 1665 1768 1729 peringeniosam
1805 1679 1912 1711 ma-

225 1739 337 1802 gnis
384 1733 612 1785 laudibus
658 1735 950 1795 afficerent,
1005 1735 1151 1800 digna
1199 1749 1317 1785 sane
1361 1751 1448 1784 res
1496 1741 1577 1785 est
1626 1751 1751 1800 quac
1797 1735 1912 1783 dili-

223 1810 443 1875 gentiori
491 1808 723 1856 examini
753 1807 1061 1857 subiiciatur.
1145 1806 1214 1856 Et
1261 1822 1353 1855 nos
1403 1808 1630 1871 quidem,
1690 1806 1913 1855 fatemur

225 1883 356 1930 enim
384 1875 656 1945 ingenue,
709 1895 737 1927 a
771 1878 1176 1927 viriacutissimi
1225 1877 1410 1927 iudicio
1449 1879 1575 1927 adeo
1609 1878 1914 1938 recedimus,

222 1958 282 2001 ut
332 1952 455 2001 licet
500 1951 735 2000 lubenter
777 1950 962 2014 ingenii
999 1965 1203 1998 acumen
1239 1950 1289 1999 in
1329 1966 1391 1998 eo
1427 1955 1782 2014 agnoscamus,
1834 1953 1913 1996 ta·-

225 2040 340 2074 men
387 2024 612 2072 veritatis
669 2023 882 2086 vestigia
927 2022 1091 2069 omnia
1141 2021 1290 2086 plane
1335 2021 1702 2072 desideremus.
1783 2018 1912 2069 Nam

225 2097 443 2161 primum
479 2095 678 2158 quidem
716 2109 955 2158 quaenam
997 2091 1198 2140 tandem
1238 2097 1318 2141 est
1352 2093 1516 2156 imago
1552 2092 1647 2140 ista
1685 2090 1914 2156 philoso-

227 2169 318 2232 phi
365 2168 414 2214 in
451 2164 726 2214 Phaedone
775 2170 828 2213 ct
865 2163 1134 2228 Symposio
1169 2163 1469 2228 proposita‘?
1535 2162 1784 2211 Nimirum
1817 2176 1914 2209 nec

227 2254 304 2297 ca,
343 2238 539 2301 qualem
574 2241 693 2300 post
720 2234 1010 2303 Sophistam
1048 2234 1333 2282 huncceet
1367 2231 1635 2282 Ponticum
1677 2238 1912 2298 expecta·

225 2310 388 2367 veris,
429 2323 591 2371 neque
627 2307 769 2366 talis,
809 2321 935 2370 qnae
974 2320 1145 2353 omnes
1181 2305 1513 2354 absolutionis
1549 2320 1783 2353 numeros
1821 2304 1914 2352 ha-

226 2380 346 2429 beat
384 2387 436 2426 et
473 2379 601 2426 nude
640 2383 821 2443 sponte
856 2377 1192 2441 intelligatur,
1238 2375 1289 2424 id
1329 2391 1458 2424 nunc
1495 2377 1661 2440 ipsum
1699 2377 1914 2424 maxime

225 2452 339 2514 agi,
375 2456 433 2498 ut
470 2450 761 2514 philosophi
796 2448 989 2496 indoles
1029 2453 1081 2495 et
1128 2447 1380 2511 ingenium
1428 2446 1742 2512 depingatur.
1814 2446 1913 2494 Ita-

228 2539 325 2586 que
361 2522 412 2569 in
450 2528 667 2583 utroque
706 2520 835 2567 libro
868 2518 1174 2567 describitur
1211 2519 1409 2580 quidem
1432 2518 1669 2566 Socrates
1705 2520 1762 2565 ut
1797 2517 1912 2583 phi-
1949 2559 1951 2563 Α

226 2594 495 2656 losophus,
564 2592 655 2640 sed
702 2591 835 2639 idem
879 2589 969 2638 ille
1017 2605 1116 2638 non
1173 2589 1335 2638 minus
1379 2594 1610 2653 tanquam
1659 2588 1772 2636 talis
1823 2588 1913 2636 de-

228 2665 466 2712 scribitur
512 2664 563 2711 in
604 2663 712 2710 aliis
750 2661 976 2709 Platonis
1015 2661 1247 2725 scriptis,
1297 2661 1452 2708 veluti
1498 2661 1551 2709 iu
1597 2659 1813 2723 Gorgia,
1861 2659 1913 2708 in

226 2734 430 2794 Politia,
468 2736 518 2783 in
557 2732 805 2783 Phaedro.
880 2731 988 2781 Hos
1026 2732 1182 2796 igitur
1218 2732 1390 2796 quidni
1429 2733 1608 2780 codem
1646 2731 1758 2778 inre
1793 2742 1913 2778 con-

227 2807 438 2854 tendere
472 2806 623 2853 liceat
660 2804 995 2853 desideratam
1031 2804 1178 2852 istam
1214 2803 1506 2868 philosophi
1542 2803 1838 2866 picturam,
1860 2801 1913 2850 in

228 2894 328 2926 uno
374 2878 539 2941 aliquo
587 2891 744 2940 opere
791 2875 984 2935 frustra
1020 2875 1344 2938 anquisitum,
1393 2875 1597 2923 iunctim
1635 2872 1915 2921 exhibere?

230 2947 422 2996 Deinde
471 2948 759 3013 primarium
821 2950 1200 3010 argumentum,
1265 2946 1398 3009 quod
1444 2946 1495 2993 in
1540 2944 1812 2992 Phaedone
1858 2946 1914 2990 et

232 3018 498 3084 Symposio
537 3022 808 3078 tractatur,
857 3017 982 3065 adeo
1027 3017 1213 3065 nullam
1255 3015 1412 3065 habet
1459 3031 1572 3064 cum
1619 3014 1913 3079 quaestione

229 3090 278 3136 in
319 3090 559 3153 Sophista
595 3096 649 3138 et
686 3089 904 3137 Politico
939 3089 1123 3151 agitata
1162 3088 1591 3146 coniunctionem,
1639 3085 1765 3133 adeo
1799 3084 1911 3131 nnl-

229 3159 329 3207 lam
378 3162 723 3224 cognationem
769 3175 827 3209 ac
873 3158 1279 3220 similitudinem,
1330 3162 1387 3207 ut
1441 3159 1526 3222 qui
1559 3158 1688 3206 haec
1723 3155 1912 3218 scripta

231 3231 332 3278 isto
378 3232 573 3279 vinculo
622 3232 849 3280 connecti
896 3236 950 3279 et
999 3229 1220 3295 copulari
1256 3231 1543 3294 potuerint,
1596 3225 1796 3275 minime
1833 3225 1909 3273 in-

232 3300 507 3364 telligatur.
581 3301 856 3363 Comparet
903 3302 1026 3350 mihi
1075 3301 1253 3363 aliquis
1289 3301 1607 3364 gravissimos
1641 3296 1757 3344 illos
1796 3311 1912 3342 ser-

232 3386 407 3421 mones
457 3371 521 3419 de
566 3372 842 3421 animorum
890 3371 1267 3422 immortalitate
1302 3372 1355 3422 in
1389 3367 1659 3422 Phaedone
1710 3367 1911 3416 institu-
