2028 3750
772 176 1231 242 8οΡΗ18Τ,Α,.·

277 327 480 384 ΘΕΑῙ.
561 327 677 380 Ναι

271 407 394 473 Ξ.Ε
469 410 586 464 Καὶ
615 405 826 479 σώματι
850 405 1002 479 μὲν
976 409 1124 480 ημᾶς
1147 398 1342 478 γενέσει
1386 375 1457 462 δι’
1508 403 1826 507 αἰσθήσεως

150 502 446 560 κοινωνεῖν,
484 489 573 548 διὰ
617 494 878 564 λογισμοῦ
923 493 980 547 δὲ
1019 493 1168 567 ψυχῇ
1207 487 1345 561 πρὸς
1387 487 1490 557 τὴν
1531 486 1701 556 ὅντως
1727 490 1833 549 οὐ-.

149 583 303 643 σίαν,
353 575 424 644 ἣν
475 573 563 630 ἀεὶ
614 571 757 629 κατὰ
818 572 998 632 ταῦτα
1039 572 1292 640 ὠςαύτως
1342 577 1478 646 ἔχειν
1517 581 1685 651 φατέ,
1726 581 1822 645 γέ-
1902 585 1905 589 ‘

149 679 297 718 νεσιν
340 662 396 714 δὲ
438 655 634 714 ἄλλοτε
673 654 866 723 ἄλλως.

281 744 486 798 ΘΕΑΙ.
574 743 768 812 Φαμὲν
805 738 915 814 γὰρ
960 731 1080 797 οὖν.

275 822 393 886 ΞΕ.
482 820 558 880 Τὸ
604 827 660 879 δὲ
687 822 767 891 δὴ
809 833 1104 889 κοινωνεῖν,
1140 813 1182 877 ὦ
1227 819 1479 881 πάντων
1474 817 1733 923 ᾇριστοι,
1768 824 1843 881 τί

151 907 323 964 τοῦθ’
373 906 518 980 ὑμᾶς
552 905 641 962 ἐπ’
688 906 906 981 ἀμφοῖν
942 910 1112 978 λέγειν
1152 909 1368 984 φῶμεν;
1410 899 1504 983 ἆρ’
1540 906 1606 963 οὐ
1635 903 1698 963 τὸ
1725 909 1828 964 νῦν

155 989 221 1062 δὴ
263 989 399 1062 παρ’
445 990 596 1061 ημῶν
636 987 848 1064 ῥηθένς

228 1075 490 1131 ΘΕΑΙ.
581 1070 657 1128 Τὸ
701 1081 901 1142 ποῖον,

280 1154 394 1220 ΞΕ
476 1154 746 1227 Παθημα
787 1151 822 1222 ἢ
864 1155 1075 1224 ποίημα
1107 1157 1173 1213 ὲκ
1216 1108 1492 1226 δννάμεώς
1531 1177 1681 1222 τινος
1715 1154 1831 1218 ἀπὸ

158 1244 270 1298 τῶν
325 1238 466 1312 πρὸς
522 1237 733 1306 ἄλληλα
771 1235 1065 1305 ξυνιόντων
1105 1236 1444 1312 γιγνόμενον.

173 1317 199 1341 ¹5

1533 1238 1665 1313 Τάχ’
1717 1234 1843 1307 οὖν,

160 1348 202 1379 ω
261 1326 548 1392 Θεαίτητε,
605 1322 790 1378 αὐτῶν
847 1318 951 1388 τὴν
1008 1317 1146 1391 πρὸς
1198 1323 1376 1375 ταῦτα
1421 1320 1713 1396 ἀπόκρισιν
1768 1322 1851 1386 σὺ.

159 1410 261 1482 μὲν
309 1406 374 1464 οὐ
413 1404 759 1472 κατακούεις,
804 1401 904 1474 ἐγω
949 1405 1006 1459 δὲ
1047 1404 1174 1468 ἴσως
1207 1401 1304 1459 δια
1345 1403 1669 1474 συνήθειαν.

291 1494 501 1547 ΘΕΑΙ.

294 1742 497 1798 ΘΕΑΙ.
585 1738 663 1796 Τὸ
709 1746 901 1807 ποῖονς

590 1487 708 1545 Τίν’
762 1479 863 1544 οὖν
909 1484 976 1554 δη
1017 1490 1231 1555 λέγουσι
1271 1485 1470 1561 λόγον;

287 1570 402 1635 ΞΕ.
491 1572 566 1630 Οὐ
597 1573 964 1644 συγχωροῦσιν
987 1568 1119 1644 ἡμῖν
1145 1567 1208 1626 τὸ
1253 1571 1355 1627 νῦν
1393 1569 1459 1640 δὴ
1492 1570 1674 1649 ῥηθὲν
1700 1571 1841 1651 πρὸς
1887 1581 1931 1635 0

163 1654 295 1724 τοὺς
325 1655 803 1729 -γηγενεῖςούσίας
839 1658 983 1729 πέρι.

169 1955 1000 2006 ven.11A2.Vind.Pa1-.BCFH
1027 1954 1143 1998 Flor.
1172 1969 1209 1997 a.
1240 1955 1281 1998 b
1313 1969 1349 1998 c.
1370 1956 1398 1999 i
1417 1957 1519 1999 Zitt.
1541 1957 1675 2002 Editt
1700 1974 1848 2004 omnes

170 2021 230 2063 δέ.
292 2020 392 2060 Hoc
423 2018 551 2058 dicit:
586 2014 772 2069 Igitur
800 2013 902 2055 iam
931 2013 991 2054 ad
1021 2015 1238 2054 alteros
1281 2018 1662 2070 transeamus,
1700 2025 1849 2073 post-

173 2089 396 2130 eaquam
429 2086 540 2114 cum
570 2072 646 2113 his
689 2072 840 2115 nobis
871 2071 1143 2111 convenit.

287 2130 431 2184 παρὰ
471 2128 684 2170 τούτων
723 2126 1092 2182 ἀφερμῆνευε]
1125 2125 1369 2181 Stephanus
1398 2125 1652 2183 &wzqw'rflsvg
1684 2131 1738 2172 de
1771 2145 1850 2174 suo

175 2190 303 2233 dedit.
362 2189 401 2229 Ι
404 2187 482 2228 ibri
512 2199 660 2228 omnes
689 2190 807 2227 recte
834 2183 1116 2237 ἅφερμήνευε.

287 2247 535 2295 Γένεσιν,
565 2243 660 2314 τὴν
686 2243 738 2283 δὲ
768 2240 824 2281 ου
841 2241 993 2289 σίανι
1027 2239 1268 2294 Stephanus
1297 2239 1351 2282 de
1379 2241 1625 2284 coniectura
1659 2243 1851 2287 Cornarii

176 2303 316 2347 dedit.
351 2301 444 2353 Τὴν
471 2303 544 2355 μὲν
578 2315 660 2341 ουν
686 2301 857 2354 γένεσιν.
915 2297 1114 2339 Temere.

287 2373 342 2414 B.
399 2372 569 2425 λέγειν
612 2372 821 2424 φῶμεν]
883 2367 956 2409 Sic
994 2367 1120 2410 Bodl.
1161 2367 1258 2409 Vat.
1297 2359 1403 2408 Ven.
1444 2367 1502 2409 Π.
1530 2368 1646 2415 Fior.
1675 2371 1701 2412 i.
1731 2371 1848 2415 Vett

178 2430 299 2476 editt.
329 2428 474 2472 ordine
502 2427 669 2469 inverso
700 2429 841 2483 φῶμεν
871 2426 1014 2479 λέγειν.
1071 2425 1139 2467 De
1166 2424 1271 2467 Ven.
1290 2424 1352 2466 Π.
1369 2429 1486 2467 tacet
1501 2429 1644 2469 tamen
1661 2427 1847 2470 Bastius.

180 2595 269 2638 hio
308 2593 478 2661 ὁρίζων
495 2591 777 2645 corrigenti,
790 2603 874 2644 quo
905 2603 975 2633 re-

181 2648 330 2693 &tituto
367 2650 507 2691 omnia
534 2649 817 2718 integritatem
854 2660 976 2692 suam

183 2708 505 2762 recuperabunt.

239 2817 437 2861 τούτου
485 2817 570 2868 βέ)
585 2831 708 2857 τιον
764 2817 974 2870 λέγειν]

183 2878 250 2921 Ne
282 2876 402 2918 malis
430 2874 596 2927 βέλτιόν
624 2890 668 2913 τι
698 2874 853 2926 λέγειν,
881 2873 978 2914 vide

186 2947 279 2975 ann.
312 2933 365 2974 ad
396 2933 540 2985 Symp.
578 2934 668 2970 175.
700 2930 752 2971 B.
787 2929 856 2970 ubi
886 2931 979 2984 plu-

185 2992 293 3032 rima
334 2989 413 3030 alia
441 2988 483 3029 id
516 3000 649 3042 genus
678 2987 872 3042 exempla
902 2985 979 3027 de-

189 3047 340 3088 dimus.

245 3160 299 3201 P.
338 3161 434 3197 248.
509 3158 754 3208 Γένεσιν,
797 3153 884 3207 τὴν
925 3153 980 3197 δὲ

190 3216 372 3258 οὐσίαν
400 3216 488 3263 -1
541 3213 599 3254 H.
633 3226 669 3254 e.
701 3212 778 3264 τὴν
804 3215 878 3266 μὲν
911 3213 980 3265 γέ-

189 3288 316 3325 νεσιν,
345 3269 424 3323 τὴν
458 3271 502 3311 δὲ
532 3283 580 3308 οι
569 3267 693 3310 alar
725 3282 764 3310 v.
797 3268 850 3310 ad
868 3269 980 3309 Pro-

191 3336 326 3383 tagor.
365 3342 405 3381 p.
449 3330 544 3368 330.
588 3328 637 3367 A.
671 3330 714 3367 et
741 3326 898 3378 Remp.
928 3324 980 3366 V.

193 3399 234 3442 p.
266 3390 363 3427 451.
402 3383 453 3425 E.
524 3381 639 3432 Male
678 3382 984 3438 Stephanus

1056 2592 1311 2634 auctoritate
1359 2591 1394 2633 C
1408 2605 1433 2633 o
1446 2604 1502 2633 rn
1515 2605 1540 2633 a
1553 2591 1597 2632 ri
1611 2591 1623 2631 i
1678 2592 1850 2645 scripsit

1055 2647 1134 2699 τὴν
1148 2655 1221 2701 μὲν
1250 2653 1328 2689 οὐν
1355 2651 1524 2702 γένεσιν,
1555 2647 1667 2699 quod
1698 2649 1849 2690 mirum

1056 2710 1258 2756 quantum
1291 2705 1454 2746 recedit
1483 2719 1509 2745 a
1535 2704 1620 2746 fide
1649 2705 1865 2749 librorum.

1058 2773 1185 2804 mauu
1218 2761 1488 2815 scriptorum.

1113 2870 1244 2927 πρὸς
1292 2871 1380 2925 τὴν
1425 2870 1587 2920 ὅντως
1632 2871 1848 2929 οὐσίαν]

1060 2928 1120 2971 Η.
1153 2942 1190 2970 e.
1222 2933 1275 2981 τῇ
1305 2929 1437 2976 ὅντως
1455 2929 1605 2982 οὐσίᾳ,
1652 2930 1851 2972 Structu-

1061 2998 1107 3026 ra
1138 2984 1360 3026 verborum
1392 2986 1555 3027 variata
1592 2988 1852 3041 estvperspi-

1061 3042 1229 3083 enitatis
1267 3043 1404 3094 gratia
1440 3047 1484 3084 et
1523 3046 1570 3083 ut
1611 3042 1851 3087 dativorum

1062 3111 1290 3140 concursus
1325 3099 1561 3141 evitaretur.
1620 3099 1729 3141 Nam
1748 3100 1869 3148 iilud,

1061 3154 1235 3207 quidem
1276 3167 1360 3195 non
1399 3167 1617 3207 veremur,
1665 3169 1719 3197 ne
1757 3157 1853 3209 quis

1060 3216 1160 3265 post
1189 3210 1338 3252 οὐσίαν
1371 3212 1615 3271 infinitivum
1643 3213 1748 3255 ἰέναι
1778 3226 1855 3256 ex-

1063 3268 1216 3312 cidisse
1244 3268 1490 3323 auspIcetur.

1715 177 1825 234 169,
1872 202 1875 204 ’

1867 663 1912 712 Β
