<?xml version="1.0" encoding="UTF-8"?>
<!DOCTYPE html PUBLIC "-//W3C//DTD XHTML 1.0 Transitional//EN"
    "http://www.w3.org/TR/xhtml1/DTD/xhtml1-transitional.dtd">
<html xmlns="http://www.w3.org/1999/xhtml" xml:lang="en" lang="en">
 <head>
  <title>
</title>
<meta http-equiv="Content-Type" content="text/html;charset=utf-8" />
  <meta name='ocr-system' content='tesseract 3.04.00' />
  <meta name='ocr-capabilities' content='ocr_page ocr_carea ocr_par ocr_line ocrx_word'/>
</head>
<body>
  <div class='ocr_page' id='page_1' title='image "./s1s2operaomniare08platuoft_0332.png"; bbox 0 0 2028 3750; ppageno 0'>
   <div class='ocr_carea' id='block_1_1' title="bbox 222 167 1323 262">
    <p class='ocr_par' dir='ltr' id='par_1_1' title="bbox 222 167 1323 262">
     <span class='ocr_line' id='line_1_1' title="bbox 222 167 1323 262; baseline 0.001 -1"><span class='ocrx_word' id='word_1_1' title='bbox 222 209 296 261; x_wconf 75' lang='lat'><strong>3⁰</strong></span> <span class='ocrx_word' id='word_1_2' title='bbox 315 167 319 176; x_wconf 43' lang='lat'><strong><em>¹</em></strong></span> <span class='ocrx_word' id='word_1_3' title='bbox 806 198 1323 262; x_wconf 73' lang='lat' dir='ltr'>PROLEGOMENA</span> 
     </span>
    </p>
   </div>
   <div class='ocr_carea' id='block_1_2' title="bbox 223 331 1902 493">
    <p class='ocr_par' dir='ltr' id='par_1_2' title="bbox 223 331 1902 493">
     <span class='ocr_line' id='line_1_2' title="bbox 225 331 1902 416; baseline 0.004 -15"><span class='ocrx_word' id='word_1_4' title='bbox 225 331 386 401; x_wconf 85' lang='lat' dir='ltr'><strong>abiis</strong></span> <span class='ocrx_word' id='word_1_5' title='bbox 422 364 550 413; x_wconf 78' lang='lat' dir='ltr'><strong>qnae</strong></span> <span class='ocrx_word' id='word_1_6' title='bbox 585 354 732 410; x_wconf 80' lang='lat' dir='ltr'><strong>sunt,</strong></span> <span class='ocrx_word' id='word_1_7' title='bbox 767 348 843 410; x_wconf 77' lang='lat' dir='ltr'><strong>is,</strong></span> <span class='ocrx_word' id='word_1_8' title='bbox 882 350 968 413; x_wconf 90' lang='lat' dir='ltr'><strong>qni</strong></span> <span class='ocrx_word' id='word_1_9' title='bbox 1005 332 1134 400; x_wconf 82' lang='lat' dir='ltr'><strong>falsa</strong></span> <span class='ocrx_word' id='word_1_10' title='bbox 1170 351 1424 416; x_wconf 81' lang='lat' dir='ltr'><strong>loquitur,</strong></span> <span class='ocrx_word' id='word_1_11' title='bbox 1476 334 1605 416; x_wconf 81' lang='lat' dir='ltr'><strong>quae</strong></span> <span class='ocrx_word' id='word_1_12' title='bbox 1643 342 1748 408; x_wconf 42' lang='lat' dir='ltr'><strong>&#39;non</strong></span> <span class='ocrx_word' id='word_1_13' title='bbox 1784 361 1902 408; x_wconf 81' lang='lat' dir='ltr'><strong>sunt</strong></span> 
     </span>
     <span class='ocr_line' id='line_1_3' title="bbox 223 420 1760 493; baseline 0.002 -20"><span class='ocrx_word' id='word_1_14' title='bbox 223 427 460 486; x_wconf 84' lang='lat' dir='ltr'><strong>tanquam</strong></span> <span class='ocrx_word' id='word_1_15' title='bbox 497 436 556 469; x_wconf 85' lang='lat' dir='ltr'><strong>ea</strong></span> <span class='ocrx_word' id='word_1_16' title='bbox 593 422 734 481; x_wconf 82' lang='lat' dir='ltr'><strong>dicit,</strong></span> <span class='ocrx_word' id='word_1_17' title='bbox 771 434 899 483; x_wconf 88' lang='lat' dir='ltr'><strong>quae</strong></span> <span class='ocrx_word' id='word_1_18' title='bbox 933 423 1051 472; x_wconf 85' lang='lat' dir='ltr'><strong>sint.</strong></span> <span class='ocrx_word' id='word_1_19' title='bbox 1089 420 1274 491; x_wconf 83' lang='lat' dir='ltr'><strong>(usque</strong></span> <span class='ocrx_word' id='word_1_20' title='bbox 1310 426 1374 474; x_wconf 84' lang='lat' dir='ltr'><strong>ad</strong></span> <span class='ocrx_word' id='word_1_21' title='bbox 1410 442 1464 490; x_wconf 88' lang='lat' dir='ltr'><strong>p.</strong></span> <span class='ocrx_word' id='word_1_22' title='bbox 1500 426 1621 476; x_wconf 76' lang='lat'><strong>263.</strong></span> <span class='ocrx_word' id='word_1_23' title='bbox 1658 425 1760 493; x_wconf 74' lang='lat' dir='ltr'><strong>B.).</strong></span> 
     </span>
    </p>
   </div>
   <div class='ocr_carea' id='block_1_3' title="bbox 209 516 1902 1870">
    <p class='ocr_par' dir='ltr' id='par_1_3' title="bbox 209 516 1902 1870">
     <span class='ocr_line' id='line_1_4' title="bbox 226 516 1901 592; baseline 0.005 -25"><span class='ocrx_word' id='word_1_24' title='bbox 226 581 229 585; x_wconf 16' lang='lat' dir='ltr'><em>r</em></span> <span class='ocrx_word' id='word_1_25' title='bbox 366 518 498 582; x_wconf 78' lang='lat' dir='ltr'><strong>Quid</strong></span> <span class='ocrx_word' id='word_1_26' title='bbox 532 533 654 567; x_wconf 81' lang='lat' dir='ltr'><strong>vero</strong></span> <span class='ocrx_word' id='word_1_27' title='bbox 691 519 933 584; x_wconf 76' lang='lat' dir='ltr'><strong>cogitatio</strong></span> <span class='ocrx_word' id='word_1_28' title='bbox 969 516 1273 588; x_wconf 80' lang='grc' dir='ltr'>(διάνοια),</span> <span class='ocrx_word' id='word_1_29' title='bbox 1324 521 1561 573; x_wconf 87' lang='lat' dir='ltr'><strong>iudicium</strong></span> <span class='ocrx_word' id='word_1_30' title='bbox 1600 519 1787 592; x_wconf 79' lang='grc' dir='ltr'><em>(δόξα)</em></span> <span class='ocrx_word' id='word_1_31' title='bbox 1823 532 1901 575; x_wconf 80' lang='lat' dir='ltr'><strong>at-</strong></span> 
     </span>
     <span class='ocr_line' id='line_1_5' title="bbox 223 588 1900 659; baseline 0.005 -20"><span class='ocrx_word' id='word_1_32' title='bbox 223 606 323 655; x_wconf 88' lang='lat' dir='ltr'><strong>qne</strong></span> <span class='ocrx_word' id='word_1_33' title='bbox 365 591 490 639; x_wconf 85' lang='lat' dir='ltr'><strong>visio</strong></span> <span class='ocrx_word' id='word_1_34' title='bbox 538 588 934 659; x_wconf 64' lang='grc' dir='ltr'><em>(φαντασίαΥέ</em></span> <span class='ocrx_word' id='word_1_35' title='bbox 994 607 1159 642; x_wconf 89' lang='lat' dir='ltr'><strong>nonne</strong></span> <span class='ocrx_word' id='word_1_36' title='bbox 1211 594 1309 643; x_wconf 87' lang='lat' dir='ltr'><strong>iam</strong></span> <span class='ocrx_word' id='word_1_37' title='bbox 1352 599 1583 659; x_wconf 82' lang='lat' dir='ltr'><strong>apertum</strong></span> <span class='ocrx_word' id='word_1_38' title='bbox 1631 602 1714 646; x_wconf 84' lang='lat' dir='ltr'><strong>est</strong></span> <span class='ocrx_word' id='word_1_39' title='bbox 1774 595 1900 648; x_wconf 84' lang='lat' dir='ltr'><strong>haec</strong></span> 
     </span>
     <span class='ocr_line' id='line_1_6' title="bbox 222 660 1902 718; baseline 0.003 -7"><span class='ocrx_word' id='word_1_40' title='bbox 222 662 388 711; x_wconf 89' lang='lat' dir='ltr'><strong>omnia</strong></span> <span class='ocrx_word' id='word_1_41' title='bbox 422 666 475 710; x_wconf 86' lang='lat' dir='ltr'><strong>et</strong></span> <span class='ocrx_word' id='word_1_42' title='bbox 508 676 628 709; x_wconf 84' lang='lat' dir='ltr'><strong>vera</strong></span> <span class='ocrx_word' id='word_1_43' title='bbox 663 665 717 710; x_wconf 88' lang='lat' dir='ltr'><strong>et</strong></span> <span class='ocrx_word' id='word_1_44' title='bbox 751 660 879 711; x_wconf 87' lang='lat' dir='ltr'><strong>falsa</strong></span> <span class='ocrx_word' id='word_1_45' title='bbox 913 663 965 711; x_wconf 89' lang='lat' dir='ltr'><strong>in</strong></span> <span class='ocrx_word' id='word_1_46' title='bbox 999 663 1174 712; x_wconf 85' lang='lat' dir='ltr'><strong>animis</strong></span> <span class='ocrx_word' id='word_1_47' title='bbox 1213 664 1398 714; x_wconf 82' lang='lat' dir='ltr'><strong>nostris</strong></span> <span class='ocrx_word' id='word_1_48' title='bbox 1428 663 1584 715; x_wconf 60' lang='lat' dir='ltr'><strong>oriri?</strong></span> <span class='ocrx_word' id='word_1_49' title='bbox 1654 666 1902 718; x_wconf 84' lang='lat' dir='ltr'>Nimirum</span> 
     </span>
     <span class='ocr_line' id='line_1_7' title="bbox 221 727 1898 800; baseline 0.005 -18"><span class='ocrx_word' id='word_1_50' title='bbox 221 731 546 796; x_wconf 83' lang='lat' dir='ltr'><strong>cogitatio</strong></span> <span class='ocrx_word' id='word_1_51' title='bbox 593 731 792 794; x_wconf 87' lang='lat' dir='ltr'><strong>quidem</strong></span> <span class='ocrx_word' id='word_1_52' title='bbox 842 727 1129 800; x_wconf 76' lang='grc' dir='ltr'>(διάνοια)</span> <span class='ocrx_word' id='word_1_53' title='bbox 1190 734 1289 784; x_wconf 89' lang='lat' dir='ltr'><strong>hoc</strong></span> <span class='ocrx_word' id='word_1_54' title='bbox 1333 749 1430 784; x_wconf 90' lang='lat' dir='ltr'><strong>uno</strong></span> <span class='ocrx_word' id='word_1_55' title='bbox 1495 736 1780 787; x_wconf 78' lang='lat' dir='ltr'><strong>discrimine</strong></span> <span class='ocrx_word' id='word_1_56' title='bbox 1835 739 1898 790; x_wconf 86' lang='lat' dir='ltr'><strong>ab</strong></span> 
     </span>
     <span class='ocr_line' id='line_1_8' title="bbox 221 801 1902 874; baseline 0.004 -21"><span class='ocrx_word' id='word_1_57' title='bbox 221 804 451 853; x_wconf 86' lang='lat' dir='ltr'><strong>oratione</strong></span> <span class='ocrx_word' id='word_1_58' title='bbox 486 801 673 864; x_wconf 73' lang='lat' dir='ltr'><strong>differt,</strong></span> <span class='ocrx_word' id='word_1_59' title='bbox 710 803 842 866; x_wconf 88' lang='lat' dir='ltr'><strong>quod</strong></span> <span class='ocrx_word' id='word_1_60' title='bbox 878 805 965 854; x_wconf 88' lang='lat' dir='ltr'><strong>illa</strong></span> <span class='ocrx_word' id='word_1_61' title='bbox 1005 810 1085 855; x_wconf 86' lang='lat' dir='ltr'><strong>est</strong></span> <span class='ocrx_word' id='word_1_62' title='bbox 1121 807 1302 855; x_wconf 88' lang='lat' dir='ltr'><strong>mentis</strong></span> <span class='ocrx_word' id='word_1_63' title='bbox 1340 821 1511 857; x_wconf 86' lang='lat' dir='ltr'><strong>secum</strong></span> <span class='ocrx_word' id='word_1_64' title='bbox 1548 809 1657 874; x_wconf 86' lang='lat' dir='ltr'><strong>ipsa</strong></span> <span class='ocrx_word' id='word_1_65' title='bbox 1690 810 1902 860; x_wconf 83' lang='lat' dir='ltr'><strong>interior</strong></span> 
     </span>
     <span class='ocr_line' id='line_1_9' title="bbox 219 874 1901 938; baseline 0.004 -14"><span class='ocrx_word' id='word_1_66' title='bbox 219 874 528 936; x_wconf 81' lang='lat' dir='ltr'><strong>colloquutio</strong></span> <span class='ocrx_word' id='word_1_67' title='bbox 567 876 807 937; x_wconf 85' lang='lat' dir='ltr'><strong>quaedam</strong></span> <span class='ocrx_word' id='word_1_68' title='bbox 852 877 961 925; x_wconf 88' lang='lat' dir='ltr'><strong>sine</strong></span> <span class='ocrx_word' id='word_1_69' title='bbox 997 875 1231 938; x_wconf 82' lang='lat' dir='ltr'><strong>vocibus3</strong></span> <span class='ocrx_word' id='word_1_70' title='bbox 1278 876 1403 927; x_wconf 87' lang='lat' dir='ltr'><strong>haec</strong></span> <span class='ocrx_word' id='word_1_71' title='bbox 1435 883 1601 928; x_wconf 86' lang='lat' dir='ltr'><strong>autem</strong></span> <span class='ocrx_word' id='word_1_72' title='bbox 1639 895 1703 930; x_wconf 82' lang='lat' dir='ltr'><strong>ex</strong></span> <span class='ocrx_word' id='word_1_73' title='bbox 1737 881 1901 931; x_wconf 84' lang='lat' dir='ltr'><strong>animo</strong></span> 
     </span>
     <span class='ocr_line' id='line_1_10' title="bbox 218 945 1901 1012; baseline 0.004 -17"><span class='ocrx_word' id='word_1_74' title='bbox 218 946 375 995; x_wconf 73' lang='lat' dir='ltr'><strong>veluti</strong></span> <span class='ocrx_word' id='word_1_75' title='bbox 419 945 625 1010; x_wconf 87' lang='lat' dir='ltr'><strong>profluit</strong></span> <span class='ocrx_word' id='word_1_76' title='bbox 670 962 846 996; x_wconf 83' lang='lat' dir='ltr'><strong>vocum</strong></span> <span class='ocrx_word' id='word_1_77' title='bbox 894 948 1029 996; x_wconf 87' lang='lat' dir='ltr'><strong>sonis</strong></span> <span class='ocrx_word' id='word_1_78' title='bbox 1079 948 1459 1012; x_wconf 86' lang='lat' dir='ltr'><strong>comprehensa.</strong></span> <span class='ocrx_word' id='word_1_79' title='bbox 1543 949 1646 1000; x_wconf 85' lang='lat' dir='ltr'><strong>Iam</strong></span> <span class='ocrx_word' id='word_1_80' title='bbox 1690 966 1812 1000; x_wconf 81' lang='lat' dir='ltr'><strong>vero</strong></span> <span class='ocrx_word' id='word_1_81' title='bbox 1848 953 1901 1003; x_wconf 87' lang='lat' dir='ltr'><strong>in</strong></span> 
     </span>
     <span class='ocr_line' id='line_1_11' title="bbox 221 1017 1899 1087; baseline 0.004 -21"><span class='ocrx_word' id='word_1_82' title='bbox 221 1017 448 1066; x_wconf 85' lang='lat' dir='ltr'><strong>oratione</strong></span> <span class='ocrx_word' id='word_1_83' title='bbox 483 1017 616 1066; x_wconf 84' lang='lat' dir='ltr'><strong>inest</strong></span> <span class='ocrx_word' id='word_1_84' title='bbox 652 1018 920 1066; x_wconf 84' lang='lat' dir='ltr'><strong>affirmatio</strong></span> <span class='ocrx_word' id='word_1_85' title='bbox 959 1024 1013 1068; x_wconf 86' lang='lat' dir='ltr'><strong>et</strong></span> <span class='ocrx_word' id='word_1_86' title='bbox 1047 1021 1267 1084; x_wconf 82' lang='lat' dir='ltr'><strong>negatio.</strong></span> <span class='ocrx_word' id='word_1_87' title='bbox 1340 1017 1532 1083; x_wconf 80' lang='lat' dir='ltr'><strong>Quodsi</strong></span> <span class='ocrx_word' id='word_1_88' title='bbox 1569 1022 1724 1087; x_wconf 82' lang='lat' dir='ltr'><strong>igitur</strong></span> <span class='ocrx_word' id='word_1_89' title='bbox 1750 1023 1899 1072; x_wconf 86' lang='lat' dir='ltr'><strong>tacita</strong></span> 
     </span>
     <span class='ocr_line' id='line_1_12' title="bbox 218 1088 1897 1158; baseline 0.003 -22"><span class='ocrx_word' id='word_1_90' title='bbox 218 1088 403 1137; x_wconf 69' lang='lat' dir='ltr'><strong>mentis</strong></span> <span class='ocrx_word' id='word_1_91' title='bbox 452 1089 757 1151; x_wconf 78' lang='lat' dir='ltr'><strong>cogitatione</strong></span> <span class='ocrx_word' id='word_1_92' title='bbox 801 1089 984 1151; x_wconf 88' lang='lat' dir='ltr'><strong>aliquid</strong></span> <span class='ocrx_word' id='word_1_93' title='bbox 1031 1090 1114 1138; x_wconf 79' lang='lat' dir='ltr'><strong>vel</strong></span> <span class='ocrx_word' id='word_1_94' title='bbox 1161 1090 1466 1140; x_wconf 79' lang='lat' dir='ltr'><strong>affirmamus</strong></span> <span class='ocrx_word' id='word_1_95' title='bbox 1513 1093 1592 1140; x_wconf 84' lang='lat' dir='ltr'><strong>vel</strong></span> <span class='ocrx_word' id='word_1_96' title='bbox 1636 1107 1897 1158; x_wconf 80' lang='lat' dir='ltr'><strong>negamus,</strong></span> 
     </span>
     <span class='ocr_line' id='line_1_13' title="bbox 220 1154 1898 1227; baseline 0.004 -19"><span class='ocrx_word' id='word_1_97' title='bbox 220 1160 381 1208; x_wconf 84' lang='lat' dir='ltr'><strong>oritur</strong></span> <span class='ocrx_word' id='word_1_98' title='bbox 415 1158 739 1208; x_wconf 60' lang='lat' dir='ltr'><strong>indicium</strong></span> <span class='ocrx_word' id='word_1_99' title='bbox 777 1154 993 1227; x_wconf 78' lang='grc' dir='ltr'><strong>(δόξα);</strong></span> <span class='ocrx_word' id='word_1_100' title='bbox 1029 1165 1083 1209; x_wconf 87' lang='lat' dir='ltr'><strong>et</strong></span> <span class='ocrx_word' id='word_1_101' title='bbox 1119 1161 1162 1209; x_wconf 87' lang='lat' dir='ltr'><strong>si</strong></span> <span class='ocrx_word' id='word_1_102' title='bbox 1201 1161 1252 1209; x_wconf 87' lang='lat' dir='ltr'><strong>id</strong></span> <span class='ocrx_word' id='word_1_103' title='bbox 1291 1161 1501 1211; x_wconf 81' lang='lat' dir='ltr'><strong>facimus</strong></span> <span class='ocrx_word' id='word_1_104' title='bbox 1540 1163 1636 1224; x_wconf 78' lang='lat' dir='ltr'><strong>sic,</strong></span> <span class='ocrx_word' id='word_1_105' title='bbox 1683 1169 1737 1213; x_wconf 85' lang='lat' dir='ltr'><strong>ut</strong></span> <span class='ocrx_word' id='word_1_106' title='bbox 1774 1180 1898 1215; x_wconf 81' lang='lat' dir='ltr'><strong>sen-</strong></span> 
     </span>
     <span class='ocr_line' id='line_1_14' title="bbox 218 1227 1896 1304; baseline 0.003 -24"><span class='ocrx_word' id='word_1_107' title='bbox 218 1227 362 1280; x_wconf 69' lang='lat' dir='ltr'><strong>Suum</strong></span> <span class='ocrx_word' id='word_1_108' title='bbox 399 1244 498 1294; x_wconf 84' lang='lat' dir='ltr'><strong>ope</strong></span> <span class='ocrx_word' id='word_1_109' title='bbox 534 1231 582 1278; x_wconf 88' lang='lat' dir='ltr'><strong>in</strong></span> <span class='ocrx_word' id='word_1_110' title='bbox 623 1245 684 1279; x_wconf 86' lang='lat' dir='ltr'><strong>ea</strong></span> <span class='ocrx_word' id='word_1_111' title='bbox 711 1246 769 1279; x_wconf 87' lang='lat' dir='ltr'><strong>re</strong></span> <span class='ocrx_word' id='word_1_112' title='bbox 793 1236 1004 1291; x_wconf 79' lang='lat' dir='ltr'><strong>utamur,</strong></span> <span class='ocrx_word' id='word_1_113' title='bbox 1041 1233 1224 1280; x_wconf 84' lang='lat' dir='ltr'><strong>dicitur</strong></span> <span class='ocrx_word' id='word_1_114' title='bbox 1257 1233 1429 1281; x_wconf 86' lang='lat' dir='ltr'><strong>visio</strong></span> <span class='ocrx_word' id='word_1_115' title='bbox 1468 1233 1572 1282; x_wconf 77' lang='lat' dir='ltr'><strong>sive</strong></span> <span class='ocrx_word' id='word_1_116' title='bbox 1597 1234 1896 1304; x_wconf 79' lang='grc' dir='ltr'><em>φαντασία,</em></span> 
     </span>
     <span class='ocr_line' id='line_1_15' title="bbox 209 1302 1897 1368; baseline 0.005 -20"><span class='ocrx_word' id='word_1_117' title='bbox 209 1315 349 1364; x_wconf 85' lang='lat' dir='ltr'><strong>quae</strong></span> <span class='ocrx_word' id='word_1_118' title='bbox 386 1306 466 1349; x_wconf 89' lang='lat' dir='ltr'><strong>est</strong></span> <span class='ocrx_word' id='word_1_119' title='bbox 502 1302 643 1363; x_wconf 84' lang='lat' dir='ltr'><strong>quasi</strong></span> <span class='ocrx_word' id='word_1_120' title='bbox 677 1302 916 1364; x_wconf 86' lang='lat' dir='ltr'><strong>quaedam</strong></span> <span class='ocrx_word' id='word_1_121' title='bbox 955 1317 1130 1351; x_wconf 84' lang='lat' dir='ltr'><strong>sensus</strong></span> <span class='ocrx_word' id='word_1_122' title='bbox 1153 1308 1205 1351; x_wconf 87' lang='lat' dir='ltr'><strong>et</strong></span> <span class='ocrx_word' id='word_1_123' title='bbox 1227 1303 1398 1352; x_wconf 88' lang='lat' dir='ltr'><strong>iudicii</strong></span> <span class='ocrx_word' id='word_1_124' title='bbox 1418 1305 1702 1368; x_wconf 80' lang='lat' dir='ltr'><strong>permixtio.</strong></span> <span class='ocrx_word' id='word_1_125' title='bbox 1756 1306 1897 1356; x_wconf 84' lang='lat' dir='ltr'><strong>Haec</strong></span> 
     </span>
     <span class='ocr_line' id='line_1_16' title="bbox 219 1372 1895 1438; baseline 0.004 -17"><span class='ocrx_word' id='word_1_126' title='bbox 219 1372 382 1428; x_wconf 83' lang='lat' dir='ltr'><strong>omnia</strong></span> <span class='ocrx_word' id='word_1_127' title='bbox 422 1387 541 1420; x_wconf 88' lang='lat' dir='ltr'><strong>vero</strong></span> <span class='ocrx_word' id='word_1_128' title='bbox 593 1387 742 1434; x_wconf 89' lang='lat' dir='ltr'><strong>quum</strong></span> <span class='ocrx_word' id='word_1_129' title='bbox 778 1377 1003 1438; x_wconf 87' lang='lat' dir='ltr'><strong>apertum</strong></span> <span class='ocrx_word' id='word_1_130' title='bbox 1044 1374 1113 1422; x_wconf 82' lang='lat' dir='ltr'><strong>sit</strong></span> <span class='ocrx_word' id='word_1_131' title='bbox 1149 1388 1261 1421; x_wconf 92' lang='lat' dir='ltr'><strong>cum</strong></span> <span class='ocrx_word' id='word_1_132' title='bbox 1298 1374 1552 1435; x_wconf 82' lang='lat' dir='ltr'><strong>oratione,</strong></span> <span class='ocrx_word' id='word_1_133' title='bbox 1599 1391 1726 1438; x_wconf 88' lang='lat' dir='ltr'><strong>quae</strong></span> <span class='ocrx_word' id='word_1_134' title='bbox 1777 1392 1895 1427; x_wconf 78' lang='lat' dir='ltr'><strong>vera</strong></span> 
     </span>
     <span class='ocr_line' id='line_1_17' title="bbox 217 1443 1896 1506; baseline 0.004 -14"><span class='ocrx_word' id='word_1_135' title='bbox 217 1448 272 1492; x_wconf 85' lang='lat' dir='ltr'><strong>et</strong></span> <span class='ocrx_word' id='word_1_136' title='bbox 309 1443 434 1491; x_wconf 85' lang='lat' dir='ltr'><strong>falsa</strong></span> <span class='ocrx_word' id='word_1_137' title='bbox 473 1448 672 1506; x_wconf 85' lang='lat' dir='ltr'><strong>poterat</strong></span> <span class='ocrx_word' id='word_1_138' title='bbox 708 1459 850 1504; x_wconf 75' lang='lat' dir='ltr'><strong>esse,</strong></span> <span class='ocrx_word' id='word_1_139' title='bbox 890 1443 1146 1492; x_wconf 80' lang='lat' dir='ltr'><strong>maximam</strong></span> <span class='ocrx_word' id='word_1_140' title='bbox 1184 1443 1372 1493; x_wconf 86' lang='lat' dir='ltr'><strong>habere</strong></span> <span class='ocrx_word' id='word_1_141' title='bbox 1409 1446 1806 1497; x_wconf 85' lang='lat' dir='ltr'><strong>coniunctionem</strong></span> <span class='ocrx_word' id='word_1_142' title='bbox 1842 1453 1896 1498; x_wconf 87' lang='lat' dir='ltr'><strong>et</strong></span> 
     </span>
     <span class='ocr_line' id='line_1_18' title="bbox 215 1515 1896 1579; baseline 0.004 -17"><span class='ocrx_word' id='word_1_143' title='bbox 215 1515 656 1578; x_wconf 72' lang='lat' dir='ltr'><strong>necessitudinem,</strong></span> <span class='ocrx_word' id='word_1_144' title='bbox 694 1515 939 1576; x_wconf 77' lang='lat' dir='ltr'><strong>siquidem</strong></span> <span class='ocrx_word' id='word_1_145' title='bbox 977 1515 1328 1579; x_wconf 82' lang='lat' dir='ltr'><strong>cogitationem</strong></span> <span class='ocrx_word' id='word_1_146' title='bbox 1351 1515 1561 1566; x_wconf 81' lang='lat' dir='ltr'><strong>vidimus</strong></span> <span class='ocrx_word' id='word_1_147' title='bbox 1597 1531 1712 1571; x_wconf 79' lang='lat' dir='ltr'><strong>esse</strong></span> <span class='ocrx_word' id='word_1_148' title='bbox 1747 1534 1896 1569; x_wconf 85' lang='lat' dir='ltr'><strong>men-</strong></span> 
     </span>
     <span class='ocr_line' id='line_1_19' title="bbox 213 1585 1894 1654; baseline 0.002 -20"><span class='ocrx_word' id='word_1_149' title='bbox 213 1586 281 1635; x_wconf 90' lang='lat' dir='ltr'><strong>tis</strong></span> <span class='ocrx_word' id='word_1_150' title='bbox 337 1600 506 1634; x_wconf 84' lang='lat' dir='ltr'><strong>secum</strong></span> <span class='ocrx_word' id='word_1_151' title='bbox 554 1586 713 1650; x_wconf 87' lang='lat' dir='ltr'><strong>ipsius</strong></span> <span class='ocrx_word' id='word_1_152' title='bbox 763 1585 1217 1648; x_wconf 82' lang='lat' dir='ltr'><strong>colloquutionem,</strong></span> <span class='ocrx_word' id='word_1_153' title='bbox 1260 1585 1497 1635; x_wconf 87' lang='lat' dir='ltr'><strong>iudicium</strong></span> <span class='ocrx_word' id='word_1_154' title='bbox 1543 1602 1664 1636; x_wconf 86' lang='lat' dir='ltr'><strong>vero</strong></span> <span class='ocrx_word' id='word_1_155' title='bbox 1702 1591 1894 1654; x_wconf 85' lang='lat' dir='ltr'><strong>cogita-</strong></span> 
     </span>
     <span class='ocr_line' id='line_1_20' title="bbox 211 1656 1895 1727; baseline 0.004 -23"><span class='ocrx_word' id='word_1_156' title='bbox 211 1657 364 1705; x_wconf 86' lang='lat' dir='ltr'><strong>tionis</strong></span> <span class='ocrx_word' id='word_1_157' title='bbox 401 1657 773 1705; x_wconf 85' lang='lat' dir='ltr'><strong>conclusionem</strong></span> <span class='ocrx_word' id='word_1_158' title='bbox 805 1661 858 1705; x_wconf 85' lang='lat' dir='ltr'><strong>et</strong></span> <span class='ocrx_word' id='word_1_159' title='bbox 897 1656 1210 1727; x_wconf 74' lang='grc' dir='ltr'><em>φαντασία-ν</em></span> <span class='ocrx_word' id='word_1_160' title='bbox 1251 1656 1417 1705; x_wconf 86' lang='lat' dir='ltr'><strong>iudicii</strong></span> <span class='ocrx_word' id='word_1_161' title='bbox 1444 1671 1553 1707; x_wconf 87' lang='lat' dir='ltr'><strong>eum</strong></span> <span class='ocrx_word' id='word_1_162' title='bbox 1582 1674 1731 1708; x_wconf 85' lang='lat' dir='ltr'><strong>sensu</strong></span> <span class='ocrx_word' id='word_1_163' title='bbox 1755 1661 1895 1724; x_wconf 81' lang='lat' dir='ltr'><strong>quasi</strong></span> 
     </span>
     <span class='ocr_line' id='line_1_21' title="bbox 214 1727 1894 1794; baseline 0.003 -18"><span class='ocrx_word' id='word_1_164' title='bbox 214 1729 615 1776; x_wconf 85' lang='lat' dir='ltr'><strong>coniunctionem</strong></span> <span class='ocrx_word' id='word_1_165' title='bbox 648 1727 915 1791; x_wconf 85' lang='lat' dir='ltr'><strong>quandam;</strong></span> <span class='ocrx_word' id='word_1_166' title='bbox 953 1728 1169 1778; x_wconf 86' lang='lat' dir='ltr'><strong>dubitari</strong></span> <span class='ocrx_word' id='word_1_167' title='bbox 1205 1742 1304 1776; x_wconf 87' lang='lat' dir='ltr'><strong>non</strong></span> <span class='ocrx_word' id='word_1_168' title='bbox 1340 1732 1542 1794; x_wconf 77' lang='lat' dir='ltr'><strong>potest,</strong></span> <span class='ocrx_word' id='word_1_169' title='bbox 1587 1730 1704 1793; x_wconf 84' lang='lat' dir='ltr'><strong>quin</strong></span> <span class='ocrx_word' id='word_1_170' title='bbox 1742 1733 1894 1781; x_wconf 89' lang='lat' dir='ltr'><strong>etiam</strong></span> 
     </span>
     <span class='ocr_line' id='line_1_22' title="bbox 211 1796 1894 1870; baseline 0.003 -23"><span class='ocrx_word' id='word_1_171' title='bbox 211 1799 448 1847; x_wconf 85' lang='lat' dir='ltr'><strong>iudicium</strong></span> <span class='ocrx_word' id='word_1_172' title='bbox 494 1798 678 1849; x_wconf 82' lang='lat' dir='ltr'><strong>falsum</strong></span> <span class='ocrx_word' id='word_1_173' title='bbox 728 1814 843 1848; x_wconf 84' lang='lat' dir='ltr'><strong>esse</strong></span> <span class='ocrx_word' id='word_1_174' title='bbox 893 1813 1048 1864; x_wconf 87' lang='lat' dir='ltr'><strong>posse</strong></span> <span class='ocrx_word' id='word_1_175' title='bbox 1084 1798 1454 1850; x_wconf 88' lang='lat' dir='ltr'><strong>concedendum</strong></span> <span class='ocrx_word' id='word_1_176' title='bbox 1490 1801 1571 1851; x_wconf 85' lang='lat' dir='ltr'><strong>sit.</strong></span> <span class='ocrx_word' id='word_1_177' title='bbox 1611 1796 1795 1870; x_wconf 88' lang='lat' dir='ltr'><strong>(usque</strong></span> <span class='ocrx_word' id='word_1_178' title='bbox 1829 1801 1894 1852; x_wconf 83' lang='lat' dir='ltr'><strong>ad</strong></span> 
     </span>
    </p>
   </div>
   <div class='ocr_carea' id='block_1_4' title="bbox 212 1869 558 1936">
    <p class='ocr_par' dir='ltr' id='par_1_4' title="bbox 212 1869 558 1936">
     <span class='ocr_line' id='line_1_23' title="bbox 212 1869 558 1936; baseline 0 -18"><span class='ocrx_word' id='word_1_179' title='bbox 212 1886 263 1936; x_wconf 83' lang='lat' dir='ltr'><strong>p.</strong></span> <span class='ocrx_word' id='word_1_180' title='bbox 300 1870 419 1918; x_wconf 72' lang='lat'><strong>264.</strong></span> <span class='ocrx_word' id='word_1_181' title='bbox 457 1869 558 1934; x_wconf 90' lang='lat' dir='ltr'><strong>B.).</strong></span> 
     </span>
    </p>
   </div>
   <div class='ocr_carea' id='block_1_5' title="bbox 201 1980 1891 3468">
    <p class='ocr_par' dir='ltr' id='par_1_5' title="bbox 201 1980 1891 3468">
     <span class='ocr_line' id='line_1_24' title="bbox 353 1980 1891 2050; baseline 0.005 -20"><span class='ocrx_word' id='word_1_182' title='bbox 353 1981 638 2032; x_wconf 85' lang='lat' dir='ltr'><strong>Redeamus</strong></span> <span class='ocrx_word' id='word_1_183' title='bbox 683 1997 813 2032; x_wconf 90' lang='lat' dir='ltr'><strong>nunc</strong></span> <span class='ocrx_word' id='word_1_184' title='bbox 862 1983 1062 2032; x_wconf 88' lang='lat' dir='ltr'><strong>tandem</strong></span> <span class='ocrx_word' id='word_1_185' title='bbox 1114 1982 1174 2032; x_wconf 89' lang='lat' dir='ltr'><strong>ad</strong></span> <span class='ocrx_word' id='word_1_186' title='bbox 1223 1980 1542 2050; x_wconf 84' lang='lat' dir='ltr'><strong>Sophistam‚-</strong></span> <span class='ocrx_word' id='word_1_187' title='bbox 1598 2000 1745 2049; x_wconf 91' lang='lat' dir='ltr'><strong>quem</strong></span> <span class='ocrx_word' id='word_1_188' title='bbox 1792 1985 1891 2037; x_wconf 81' lang='lat' dir='ltr'><strong>iam</strong></span> 
     </span>
     <span class='ocr_line' id='line_1_25' title="bbox 209 2053 1889 2119; baseline 0.001 -13"><span class='ocrx_word' id='word_1_189' title='bbox 209 2053 437 2106; x_wconf 73' lang='lat' dir='ltr'><strong>sortasse</strong></span> <span class='ocrx_word' id='word_1_190' title='bbox 487 2055 721 2103; x_wconf 78' lang='lat' dir='ltr'><strong>feliciore</strong></span> <span class='ocrx_word' id='word_1_191' title='bbox 768 2069 1006 2103; x_wconf 87' lang='lat' dir='ltr'><strong>successu</strong></span> <span class='ocrx_word' id='word_1_192' title='bbox 1053 2055 1290 2119; x_wconf 85' lang='lat' dir='ltr'><strong>indagare</strong></span> <span class='ocrx_word' id='word_1_193' title='bbox 1327 2057 1628 2105; x_wconf 86' lang='lat' dir='ltr'><strong>conabimur.</strong></span> <span class='ocrx_word' id='word_1_194' title='bbox 1701 2056 1889 2107; x_wconf 84' lang='lat' dir='ltr'><strong>Distin-</strong></span> 
     </span>
     <span class='ocr_line' id='line_1_26' title="bbox 210 2125 1885 2189; baseline 0.001 -15"><span class='ocrx_word' id='word_1_195' title='bbox 210 2126 371 2174; x_wconf 60' lang='lat' dir='ltr'><strong>&amp;imus</strong></span> <span class='ocrx_word' id='word_1_196' title='bbox 398 2132 560 2174; x_wconf 77' lang='lat' dir='ltr'><strong>antea</strong></span> <span class='ocrx_word' id='word_1_197' title='bbox 608 2126 729 2175; x_wconf 86' lang='lat' dir='ltr'><strong>duas</strong></span> <span class='ocrx_word' id='word_1_198' title='bbox 777 2128 948 2189; x_wconf 84' lang='lat' dir='ltr'><strong>partes</strong></span> <span class='ocrx_word' id='word_1_199' title='bbox 984 2127 1105 2174; x_wconf 83' lang='lat' dir='ltr'><strong>artis</strong></span> <span class='ocrx_word' id='word_1_200' title='bbox 1141 2125 1555 2189; x_wconf 72' lang='grc' dir='ltr'>εὶδωλοποιϊκῆς</span> <span class='ocrx_word' id='word_1_201' title='bbox 1591 2129 1696 2176; x_wconf 84' lang='lat' dir='ltr'><strong>sive</strong></span> <span class='ocrx_word' id='word_1_202' title='bbox 1733 2129 1885 2177; x_wconf 88' lang='lat' dir='ltr'><strong>simu-</strong></span> 
     </span>
     <span class='ocr_line' id='line_1_27' title="bbox 208 2186 1888 2269; baseline 0.002 -24"><span class='ocrx_word' id='word_1_203' title='bbox 208 2186 460 2245; x_wconf 71' lang='lat' dir='ltr'><strong>lacrorum</strong></span> <span class='ocrx_word' id='word_1_204' title='bbox 496 2197 858 2260; x_wconf 75' lang='lat' dir='ltr'><strong>fingendorum,</strong></span> <span class='ocrx_word' id='word_1_205' title='bbox 895 2198 1101 2245; x_wconf 85' lang='lat' dir='ltr'><strong>alteram</strong></span> <span class='ocrx_word' id='word_1_206' title='bbox 1137 2191 1464 2260; x_wconf 73' lang='grc' dir='ltr'><strong>εἰκαστικήν,</strong></span> <span class='ocrx_word' id='word_1_207' title='bbox 1503 2198 1709 2248; x_wconf 87' lang='lat' dir='ltr'><strong>alteram</strong></span> <span class='ocrx_word' id='word_1_208' title='bbox 1749 2215 1888 2269; x_wconf 72' lang='lat' dir='ltr'><strong>epav-</strong></span> 
     </span>
     <span class='ocr_line' id='line_1_28' title="bbox 209 2260 1888 2334; baseline 0.002 -17"><span class='ocrx_word' id='word_1_209' title='bbox 209 2260 490 2328; x_wconf 66' lang='lat' dir='ltr'><strong>Tcmraemy&#39;v.</strong></span> <span class='ocrx_word' id='word_1_210' title='bbox 563 2268 643 2316; x_wconf 90' lang='lat' dir='ltr'><strong>Ad</strong></span> <span class='ocrx_word' id='word_1_211' title='bbox 679 2273 838 2316; x_wconf 80' lang='lat' dir='ltr'><strong>utram</strong></span> <span class='ocrx_word' id='word_1_212' title='bbox 879 2267 1178 2317; x_wconf 85' lang='lat' dir='ltr'><strong>referendus</strong></span> <span class='ocrx_word' id='word_1_213' title='bbox 1217 2266 1455 2334; x_wconf 80' lang='lat' dir='ltr'><strong>Sophista</strong></span> <span class='ocrx_word' id='word_1_214' title='bbox 1494 2275 1649 2330; x_wconf 76' lang='lat' dir='ltr'><strong>esset,</strong></span> <span class='ocrx_word' id='word_1_215' title='bbox 1686 2270 1888 2320; x_wconf 88' lang='lat' dir='ltr'><strong>dubium</strong></span> 
     </span>
     <span class='ocr_line' id='line_1_29' title="bbox 207 2338 1887 2403; baseline 0.004 -20"><span class='ocrx_word' id='word_1_216' title='bbox 207 2338 370 2386; x_wconf 57' lang='lat' dir='ltr'><strong>videri</strong></span> <span class='ocrx_word' id='word_1_217' title='bbox 416 2339 749 2388; x_wconf 84' lang='lat' dir='ltr'><strong>iudicavimus.</strong></span> <span class='ocrx_word' id='word_1_218' title='bbox 834 2340 973 2402; x_wconf 79' lang='lat' dir='ltr'><strong>Quae</strong></span> <span class='ocrx_word' id='word_1_219' title='bbox 1020 2339 1264 2388; x_wconf 81' lang='lat' dir='ltr'><strong>dubitatio</strong></span> <span class='ocrx_word' id='word_1_220' title='bbox 1312 2340 1471 2388; x_wconf 88' lang='lat' dir='ltr'><strong>maior</strong></span> <span class='ocrx_word' id='word_1_221' title='bbox 1520 2341 1667 2389; x_wconf 88' lang='lat' dir='ltr'><strong>etiam</strong></span> <span class='ocrx_word' id='word_1_222' title='bbox 1717 2341 1887 2403; x_wconf 75' lang='lat' dir='ltr'><strong>fiebat,—</strong></span> 
     </span>
     <span class='ocr_line' id='line_1_30' title="bbox 209 2410 1888 2474; baseline 0.004 -20"><span class='ocrx_word' id='word_1_223' title='bbox 209 2412 359 2471; x_wconf 81' lang='lat' dir='ltr'><strong>&#39;q‘uum</strong></span> <span class='ocrx_word' id='word_1_224' title='bbox 397 2425 511 2457; x_wconf 88' lang='lat' dir='ltr'><strong>esse</strong></span> <span class='ocrx_word' id='word_1_225' title='bbox 547 2410 857 2471; x_wconf 71' lang='lat' dir='ltr'><strong>videremus,</strong></span> <span class='ocrx_word' id='word_1_226' title='bbox 906 2411 989 2473; x_wconf 91' lang='lat' dir='ltr'><strong>qui</strong></span> <span class='ocrx_word' id='word_1_227' title='bbox 1037 2411 1188 2459; x_wconf 87' lang='lat' dir='ltr'><strong>falsas</strong></span> <span class='ocrx_word' id='word_1_228' title='bbox 1239 2411 1482 2474; x_wconf 78' lang='lat' dir='ltr'><strong>imagines</strong></span> <span class='ocrx_word' id='word_1_229' title='bbox 1530 2417 1582 2459; x_wconf 89' lang='lat' dir='ltr'><strong>et</strong></span> <span class='ocrx_word' id='word_1_230' title='bbox 1627 2412 1888 2462; x_wconf 84' lang='lat' dir='ltr'><strong>simulacra</strong></span> 
     </span>
     <span class='ocr_line' id='line_1_31' title="bbox 207 2472 1886 2544; baseline 0.002 -16"><span class='ocrx_word' id='word_1_231' title='bbox 207 2472 487 2542; x_wconf 55' lang='lat' dir='ltr'><strong>{alsamque</strong></span> <span class='ocrx_word' id='word_1_232' title='bbox 534 2480 774 2529; x_wconf 79' lang='lat' dir='ltr'><strong>visionem</strong></span> <span class='ocrx_word' id='word_1_233' title='bbox 828 2497 943 2529; x_wconf 88' lang='lat' dir='ltr'><strong>esse</strong></span> <span class='ocrx_word' id='word_1_234' title='bbox 982 2482 1179 2529; x_wconf 89' lang='lat' dir='ltr'><strong>omnino</strong></span> <span class='ocrx_word' id='word_1_235' title='bbox 1217 2486 1471 2544; x_wconf 86' lang='lat' dir='ltr'><strong>negarent.</strong></span> <span class='ocrx_word' id='word_1_236' title='bbox 1547 2481 1886 2533; x_wconf 81' lang='lat' dir='ltr'><strong>Veruntamen</strong></span> 
     </span>
     <span class='ocr_line' id='line_1_32' title="bbox 206 2550 1885 2615; baseline 0.002 -17"><span class='ocrx_word' id='word_1_237' title='bbox 206 2556 338 2598; x_wconf 76' lang='lat' dir='ltr'><strong>nunc</strong></span> <span class='ocrx_word' id='word_1_238' title='bbox 377 2550 572 2613; x_wconf 88' lang='lat' dir='ltr'><strong>quidem</strong></span> <span class='ocrx_word' id='word_1_239' title='bbox 612 2556 801 2600; x_wconf 78' lang='lat' dir='ltr'><strong>certum</strong></span> <span class='ocrx_word' id='word_1_240' title='bbox 841 2557 922 2600; x_wconf 86' lang='lat' dir='ltr'><strong>est</strong></span> <span class='ocrx_word' id='word_1_241' title='bbox 960 2552 1371 2615; x_wconf 87' lang='lat' dir='ltr'><strong>exploratumque</strong></span> <span class='ocrx_word' id='word_1_242' title='bbox 1411 2552 1685 2601; x_wconf 88' lang='lat' dir='ltr'><strong>orationem</strong></span> <span class='ocrx_word' id='word_1_243' title='bbox 1723 2558 1776 2602; x_wconf 89' lang='lat' dir='ltr'><strong>et</strong></span> <span class='ocrx_word' id='word_1_244' title='bbox 1811 2554 1885 2601; x_wconf 90' lang='lat' dir='ltr'><strong>iu-</strong></span> 
     </span>
     <span class='ocr_line' id='line_1_33' title="bbox 205 2616 1884 2685; baseline 0.002 -16"><span class='ocrx_word' id='word_1_245' title='bbox 205 2616 393 2670; x_wconf 67' lang='lat' dir='ltr'><strong>dicium</strong></span> <span class='ocrx_word' id='word_1_246' title='bbox 442 2620 623 2670; x_wconf 88' lang='lat' dir='ltr'><strong>falsum</strong></span> <span class='ocrx_word' id='word_1_247' title='bbox 671 2623 912 2685; x_wconf 79' lang='lat' dir='ltr'><strong>reperiri3</strong></span> <span class='ocrx_word' id='word_1_248' title='bbox 972 2638 1031 2670; x_wconf 87' lang='lat' dir='ltr'><strong>ex</strong></span> <span class='ocrx_word' id='word_1_249' title='bbox 1079 2636 1176 2684; x_wconf 91' lang='lat' dir='ltr'><strong>quo</strong></span> <span class='ocrx_word' id='word_1_250' title='bbox 1224 2622 1519 2685; x_wconf 79' lang='lat' dir='ltr'><strong>intelligitur</strong></span> <span class='ocrx_word' id='word_1_251' title='bbox 1563 2624 1676 2672; x_wconf 88' lang='lat' dir='ltr'><strong>fieri</strong></span> <span class='ocrx_word' id='word_1_252' title='bbox 1735 2625 1884 2672; x_wconf 89' lang='lat' dir='ltr'><strong>etiam</strong></span> 
     </span>
     <span class='ocr_line' id='line_1_34' title="bbox 205 2692 1885 2756; baseline 0.003 -18"><span class='ocrx_word' id='word_1_253' title='bbox 205 2692 389 2756; x_wconf 65' lang='lat' dir='ltr'><strong>posse,</strong></span> <span class='ocrx_word' id='word_1_254' title='bbox 439 2699 492 2742; x_wconf 90' lang='lat' dir='ltr'><strong>ut</strong></span> <span class='ocrx_word' id='word_1_255' title='bbox 543 2694 845 2742; x_wconf 78' lang='lat' dir='ltr'><strong>imitationes</strong></span> <span class='ocrx_word' id='word_1_256' title='bbox 895 2693 1019 2741; x_wconf 87' lang='lat' dir='ltr'><strong>fiant</strong></span> <span class='ocrx_word' id='word_1_257' title='bbox 1057 2708 1260 2751; x_wconf 74' lang='lat' dir='ltr'><strong>eorum,</strong></span> <span class='ocrx_word' id='word_1_258' title='bbox 1299 2707 1425 2754; x_wconf 90' lang='lat' dir='ltr'><strong>quae</strong></span> <span class='ocrx_word' id='word_1_259' title='bbox 1462 2709 1634 2743; x_wconf 78' lang='lat' dir='ltr'><strong>revera</strong></span> <span class='ocrx_word' id='word_1_260' title='bbox 1671 2699 1885 2755; x_wconf 64' lang='lat' dir='ltr'><strong>exstant,</strong></span> 
     </span>
     <span class='ocr_line' id='line_1_35' title="bbox 206 2763 1885 2828; baseline 0.002 -17"><span class='ocrx_word' id='word_1_261' title='bbox 206 2768 260 2811; x_wconf 89' lang='lat' dir='ltr'><strong>et</strong></span> <span class='ocrx_word' id='word_1_262' title='bbox 298 2777 378 2811; x_wconf 86' lang='lat' dir='ltr'><strong>ars</strong></span> <span class='ocrx_word' id='word_1_263' title='bbox 428 2763 588 2826; x_wconf 88' lang='lat' dir='ltr'><strong>aliqua</strong></span> <span class='ocrx_word' id='word_1_264' title='bbox 637 2763 844 2812; x_wconf 78' lang='lat' dir='ltr'><strong>fallendi</strong></span> <span class='ocrx_word' id='word_1_265' title='bbox 892 2780 949 2813; x_wconf 92' lang='lat' dir='ltr'><strong>ac</strong></span> <span class='ocrx_word' id='word_1_266' title='bbox 995 2764 1275 2828; x_wconf 86' lang='lat' dir='ltr'><strong>decipiendi</strong></span> <span class='ocrx_word' id='word_1_267' title='bbox 1321 2765 1620 2828; x_wconf 81' lang='lat' dir='ltr'><strong>reperiatur.</strong></span> <span class='ocrx_word' id='word_1_268' title='bbox 1693 2764 1885 2815; x_wconf 83' lang='lat' dir='ltr'><strong>Videa-</strong></span> 
     </span>
     <span class='ocr_line' id='line_1_36' title="bbox 204 2834 1878 2900; baseline 0.002 -18"><span class='ocrx_word' id='word_1_269' title='bbox 204 2849 314 2882; x_wconf 86' lang='lat' dir='ltr'><strong>mus</strong></span> <span class='ocrx_word' id='word_1_270' title='bbox 352 2835 508 2899; x_wconf 83' lang='lat' dir='ltr'><strong>igitur</strong></span> <span class='ocrx_word' id='word_1_271' title='bbox 544 2837 606 2883; x_wconf 88' lang='lat' dir='ltr'><strong>de</strong></span> <span class='ocrx_word' id='word_1_272' title='bbox 646 2836 898 2900; x_wconf 82' lang='lat' dir='ltr'><strong>Sophista.</strong></span> <span class='ocrx_word' id='word_1_273' title='bbox 971 2834 1291 2884; x_wconf 76' lang='lat' dir='ltr'><strong>Distinximus</strong></span> <span class='ocrx_word' id='word_1_274' title='bbox 1338 2841 1484 2883; x_wconf 84' lang='lat' dir='ltr'><strong>antea</strong></span> <span class='ocrx_word' id='word_1_275' title='bbox 1532 2841 1691 2885; x_wconf 85' lang='lat' dir='ltr'><strong>artem</strong></span> <span class='ocrx_word' id='word_1_276' title='bbox 1733 2854 1878 2898; x_wconf 79' lang='grc' dir='ltr'>ποιη-</span> 
     </span>
     <span class='ocr_line' id='line_1_37' title="bbox 203 2899 1882 2968; baseline 0.001 -14"><span class='ocrx_word' id='word_1_277' title='bbox 203 2899 361 2968; x_wconf 75' lang='grc' dir='ltr'>τικήν</span> <span class='ocrx_word' id='word_1_278' title='bbox 399 2911 450 2953; x_wconf 85' lang='lat' dir='ltr'><strong>et</strong></span> <span class='ocrx_word' id='word_1_279' title='bbox 487 2904 759 2968; x_wconf 72' lang='grc' dir='ltr'><strong>κτητικηύ.</strong></span> <span class='ocrx_word' id='word_1_280' title='bbox 834 2907 1095 2955; x_wconf 84' lang='lat' dir='ltr'><strong>Posterior</strong></span> <span class='ocrx_word' id='word_1_281' title='bbox 1140 2907 1188 2954; x_wconf 89' lang='lat' dir='ltr'><strong>in</strong></span> <span class='ocrx_word' id='word_1_282' title='bbox 1232 2906 1389 2954; x_wconf 58' lang='lat' dir='ltr'><strong>varias</strong></span> <span class='ocrx_word' id='word_1_283' title='bbox 1439 2906 1749 2955; x_wconf 82' lang='lat' dir='ltr'><strong>dividebatur</strong></span> <span class='ocrx_word' id='word_1_284' title='bbox 1798 2916 1882 2955; x_wconf 86' lang='lat' dir='ltr'><strong>ar—</strong></span> 
     </span>
     <span class='ocr_line' id='line_1_38' title="bbox 203 2975 1881 3038; baseline 0.002 -16"><span class='ocrx_word' id='word_1_285' title='bbox 203 2975 270 3023; x_wconf 76' lang='lat' dir='ltr'><strong>tis</strong></span> <span class='ocrx_word' id='word_1_286' title='bbox 320 2977 606 3037; x_wconf 85' lang='lat' dir='ltr'><strong>acquirendi</strong></span> <span class='ocrx_word' id='word_1_287' title='bbox 664 2978 868 3028; x_wconf 72' lang='lat' dir='ltr'><strong>formas.</strong></span> <span class='ocrx_word' id='word_1_288' title='bbox 955 2978 1095 3026; x_wconf 88' lang='lat' dir='ltr'><strong>Nunc</strong></span> <span class='ocrx_word' id='word_1_289' title='bbox 1142 2992 1260 3025; x_wconf 76' lang='lat' dir='ltr'><strong>vero</strong></span> <span class='ocrx_word' id='word_1_290' title='bbox 1311 2991 1457 3038; x_wconf 88' lang='lat' dir='ltr'><strong>quum</strong></span> <span class='ocrx_word' id='word_1_291' title='bbox 1509 2978 1730 3026; x_wconf 82' lang='lat' dir='ltr'><strong>imitandi</strong></span> <span class='ocrx_word' id='word_1_292' title='bbox 1783 2990 1881 3037; x_wconf 75' lang='lat' dir='ltr'><strong>ars,</strong></span> 
     </span>
     <span class='ocr_line' id='line_1_39' title="bbox 205 3042 1879 3110; baseline 0.002 -19"><span class='ocrx_word' id='word_1_293' title='bbox 205 3047 317 3106; x_wconf 84' lang='lat' dir='ltr'><strong>quia</strong></span> <span class='ocrx_word' id='word_1_294' title='bbox 356 3048 537 3109; x_wconf 84' lang='lat' dir='ltr'><strong>aliquid</strong></span> <span class='ocrx_word' id='word_1_295' title='bbox 575 3048 750 3108; x_wconf 72' lang='lat' dir='ltr'><strong>efficit,</strong></span> <span class='ocrx_word' id='word_1_296' title='bbox 789 3049 849 3097; x_wconf 86' lang='lat' dir='ltr'><strong>ad</strong></span> <span class='ocrx_word' id='word_1_297' title='bbox 887 3042 988 3109; x_wconf 76' lang='grc' dir='ltr'><strong>τὴν</strong></span> <span class='ocrx_word' id='word_1_298' title='bbox 1011 3042 1300 3110; x_wconf 72' lang='grc' dir='ltr'>ποιητικήν</span> <span class='ocrx_word' id='word_1_299' title='bbox 1336 3047 1605 3096; x_wconf 80' lang='lat' dir='ltr'><strong>reserenda</strong></span> <span class='ocrx_word' id='word_1_300' title='bbox 1638 3049 1879 3108; x_wconf 72' lang='lat' dir='ltr'><strong>videatur,</strong></span> 
     </span>
     <span class='ocr_line' id='line_1_40' title="bbox 202 3114 1877 3183; baseline 0.002 -21"><span class='ocrx_word' id='word_1_301' title='bbox 202 3114 333 3164; x_wconf 84' lang='lat' dir='ltr'><strong>hanc</strong></span> <span class='ocrx_word' id='word_1_302' title='bbox 382 3134 645 3180; x_wconf 72' lang='lat' dir='ltr'><strong>sequamur</strong></span> <span class='ocrx_word' id='word_1_303' title='bbox 694 3120 1015 3180; x_wconf 75' lang='lat' dir='ltr'><strong>divisionem,</strong></span> <span class='ocrx_word' id='word_1_304' title='bbox 1067 3134 1165 3181; x_wconf 87' lang='lat' dir='ltr'><strong>quo</strong></span> <span class='ocrx_word' id='word_1_305' title='bbox 1218 3119 1431 3179; x_wconf 85' lang='lat' dir='ltr'><strong>denique</strong></span> <span class='ocrx_word' id='word_1_306' title='bbox 1470 3118 1759 3183; x_wconf 84' lang='lat' dir='ltr'><strong>Sophistam</strong></span> <span class='ocrx_word' id='word_1_307' title='bbox 1797 3134 1877 3166; x_wconf 85' lang='lat' dir='ltr'><strong>ca-</strong></span> 
     </span>
     <span class='ocr_line' id='line_1_41' title="bbox 203 3186 1878 3254; baseline 0.003 -22"><span class='ocrx_word' id='word_1_308' title='bbox 203 3186 411 3250; x_wconf 84' lang='lat' dir='ltr'><strong>piamus.</strong></span> <span class='ocrx_word' id='word_1_309' title='bbox 486 3189 795 3253; x_wconf 69' lang='grc' dir='ltr'><strong>,ΙΙυιητικῆς</strong></span> <span class='ocrx_word' id='word_1_310' title='bbox 843 3191 968 3238; x_wconf 86' lang='lat' dir='ltr'><strong>duae</strong></span> <span class='ocrx_word' id='word_1_311' title='bbox 1016 3195 1163 3239; x_wconf 85' lang='lat' dir='ltr'><strong>sunto</strong></span> <span class='ocrx_word' id='word_1_312' title='bbox 1200 3195 1402 3254; x_wconf 68' lang='lat' dir='ltr'><strong>partes,</strong></span> <span class='ocrx_word' id='word_1_313' title='bbox 1455 3188 1612 3238; x_wconf 82' lang='lat' dir='ltr'><strong>divina</strong></span> <span class='ocrx_word' id='word_1_314' title='bbox 1653 3205 1769 3248; x_wconf 72' lang='lat' dir='ltr'><strong>una,</strong></span> <span class='ocrx_word' id='word_1_315' title='bbox 1807 3189 1878 3237; x_wconf 85' lang='lat' dir='ltr'><strong>al-</strong></span> 
     </span>
     <span class='ocr_line' id='line_1_42' title="bbox 201 3258 1877 3324; baseline 0.001 -19"><span class='ocrx_word' id='word_1_316' title='bbox 201 3262 312 3305; x_wconf 81' lang='lat' dir='ltr'><strong>tera</strong></span> <span class='ocrx_word' id='word_1_317' title='bbox 358 3258 580 3308; x_wconf 82' lang='lat' dir='ltr'><strong>humana.</strong></span> <span class='ocrx_word' id='word_1_318' title='bbox 654 3261 741 3309; x_wconf 90' lang='lat' dir='ltr'><strong>llla</strong></span> <span class='ocrx_word' id='word_1_319' title='bbox 793 3260 1012 3324; x_wconf 85' lang='lat' dir='ltr'><strong>pertinet</strong></span> <span class='ocrx_word' id='word_1_320' title='bbox 1060 3263 1121 3310; x_wconf 84' lang='lat' dir='ltr'><strong>ad</strong></span> <span class='ocrx_word' id='word_1_321' title='bbox 1159 3277 1243 3321; x_wconf 72' lang='lat' dir='ltr'><strong>ea,</strong></span> <span class='ocrx_word' id='word_1_322' title='bbox 1290 3275 1414 3322; x_wconf 87' lang='lat' dir='ltr'><strong>quac</strong></span> <span class='ocrx_word' id='word_1_323' title='bbox 1466 3262 1625 3308; x_wconf 70' lang='lat' dir='ltr'><strong>divina</strong></span> <span class='ocrx_word' id='word_1_324' title='bbox 1677 3261 1721 3307; x_wconf 80' lang='lat' dir='ltr'><strong>vi</strong></span> <span class='ocrx_word' id='word_1_325' title='bbox 1758 3276 1877 3324; x_wconf 79' lang='lat' dir='ltr'><strong>pro-</strong></span> 
     </span>
     <span class='ocr_line' id='line_1_43' title="bbox 202 3330 1875 3397; baseline 0.002 -22"><span class='ocrx_word' id='word_1_326' title='bbox 202 3332 461 3386; x_wconf 78' lang='lat' dir='ltr'><strong>creamur3</strong></span> <span class='ocrx_word' id='word_1_327' title='bbox 513 3330 637 3378; x_wconf 84' lang='lat' dir='ltr'><strong>haec</strong></span> <span class='ocrx_word' id='word_1_328' title='bbox 689 3332 913 3381; x_wconf 79' lang='lat' dir='ltr'><strong>refertur</strong></span> <span class='ocrx_word' id='word_1_329' title='bbox 950 3334 1011 3381; x_wconf 85' lang='lat' dir='ltr'><strong>ad</strong></span> <span class='ocrx_word' id='word_1_330' title='bbox 1052 3349 1205 3397; x_wconf 82' lang='lat' dir='ltr'><strong>opera</strong></span> <span class='ocrx_word' id='word_1_331' title='bbox 1243 3331 1467 3378; x_wconf 87' lang='lat' dir='ltr'><strong>humana.</strong></span> <span class='ocrx_word' id='word_1_332' title='bbox 1541 3331 1763 3392; x_wconf 82' lang='lat' dir='ltr'><strong>Utraque</strong></span> <span class='ocrx_word' id='word_1_333' title='bbox 1803 3332 1875 3379; x_wconf 83' lang='lat' dir='ltr'><strong>bi-</strong></span> 
     </span>
     <span class='ocr_line' id='line_1_44' title="bbox 201 3396 1874 3468; baseline 0.003 -22"><span class='ocrx_word' id='word_1_334' title='bbox 201 3396 377 3448; x_wconf 80' lang='lat' dir='ltr'><strong>fariam</strong></span> <span class='ocrx_word' id='word_1_335' title='bbox 417 3399 563 3448; x_wconf 68' lang='lat' dir='ltr'><strong>dividi</strong></span> <span class='ocrx_word' id='word_1_336' title='bbox 602 3407 799 3464; x_wconf 63' lang='lat' dir='ltr'><strong>potest,</strong></span> <span class='ocrx_word' id='word_1_337' title='bbox 846 3404 1013 3468; x_wconf 84' lang='lat' dir='ltr'><strong>prouti</strong></span> <span class='ocrx_word' id='word_1_338' title='bbox 1061 3403 1140 3452; x_wconf 76' lang='lat' dir='ltr'><strong>vel</strong></span> <span class='ocrx_word' id='word_1_339' title='bbox 1176 3408 1254 3453; x_wconf 87' lang='lat' dir='ltr'><strong>est</strong></span> <span class='ocrx_word' id='word_1_340' title='bbox 1291 3403 1508 3465; x_wconf 81' lang='lat' dir='ltr'><strong>ipsarum</strong></span> <span class='ocrx_word' id='word_1_341' title='bbox 1546 3415 1711 3451; x_wconf 85' lang='lat' dir='ltr'><strong>rerum</strong></span> <span class='ocrx_word' id='word_1_342' title='bbox 1751 3401 1874 3451; x_wconf 84' lang='lat' dir='ltr'><strong>effe-</strong></span> 
     </span>
    </p>
   </div>
  </div>
 </body>
</html>
