2028 3750
222 170 330 224 188
861 167 1277 221 PLATONIS

79 329 200 393 254
220 319 323 390 μὲν
375 310 623 388 χαλεπὸν
680 313 923 409 ἐναργῶς
974 315 1070 369 καὶ
1123 313 1352 380 τοῦτον,
1410 317 1598 387 ἕτερον
1638 309 1751 384 μὴν
1791 313 1921 389 τρό-

135 479 138 485 ⁴
213 421 329 459 πον
368 398 402 468 ἤ
447 420 506 454 τε
548 398 648 454 τοῦ
690 392 962 475 σοφιστοῦ
998 395 1313 470 χαλεπότης
1351 419 1388 465 η
1431 417 1491 455 τε
1528 395 1753 455 τούτου.
1811 427 1819 432 ⁷

350 512 558 568 ΘΕΑΙ.
641 512 805 585 Πῶς;

343 619 459 685 ΞΕ.
535 620 596 680 Ὁ
638 625 741 697 μὲν
781 621 1211 698 ἀποδιδράσκων
1252 629 1328 690 εις
1362 620 1469 694 τὴν
1511 622 1614 679 τοῦ
1654 615 1731 695 μὴ
1757 614 1921 684 όντος

217 705 647 808 σκοτεινότητοι,
700 710 863 808 τριβῇ
918 706 1373 785 προςαπτόμενος
1439 707 1642 776 αὐτῆς,
1700 700 1792 760 διὰ
1850 699 1917 761 τὸ

216 788 500 850 σκοτεινὸν
542 795 644 849 τοῦ
688 789 865 850 τόπου
911 796 1264 871 κατανοῆσαι
1295 789 1556 873 χαλεπός.
1598 783 1634 872 ᾖ
1675 786 1822 865 γᾴρς

349 878 556 935 ΘΕΑΙ.
624 873 858 936 ’Έοικεν.

343 956 458 1022 ΞΕ.
534 958 590 1018 ‘O
634 965 691 1017 δέ
731 983 790 1033 γε
833 958 1174 1047 φιλόσοφος,
1230 933 1298 1039 τῇ
1341 961 1446 1017 τοῦ
1479 955 1651 1025 ὄντος
1690 954 1779 1013 ’ἀεὶ
1823 950 1916 1012 δια

215 1047 496 1118 λογισμῶν
535 1050 921 1125 προςκείμενος
963 1049 1106 1118 ιδέα,
1151 1042 1244 1102 δια
1290 1042 1354 1115 τὸ
1397 1039 1660 1146 λαμπρὸν
1702 1062 1776 1096 αυ
1821 1041 1920 1107 τῆς

215 1129 428 1204 χώρας·
460 1126 718 1202 οὐδαμῶς
760 1127 989 1198 εὐπετὴς
1031 1129 1328 1207 ὀφθῆναι·
1390 1151 1464 1184 τοι
1509 1150 1619 1200 γαρ
1665 1128 1766 1193 τῆς
1805 1126 1920 1179 τῶν

107 1224 169 1274 ’Β
218 1216 443 1271 πολλῶν
483 1217 669 1290 ψυχῆς
708 1209 936 1288 ὄμματα
967 1221 1253 1290 καρτερεῖν
1294 1209 1437 1290 πρὸς
1475 1209 1539 1270 τὸ
1570 1215 1743 1269 θεῖον
1767 1206 1922 1286 ἀφο-

215 1301 402 1376 ρῶντα
443 1295 719 1355 ἀδύνατα.
976 1338 979 1339 ⁷

215 1385 219 1391 '
348 1384 560 1441 ΘΕΑΙ.
643 1385 763 1441 Καὶ
805 1383 988 1439 ταῦτα
1034 1377 1180 1448 εἰκὸς
1223 1379 1325 1454 οὐχ
1365 1400 1537 1449 ηττον
1560 1381 1779 1438 ἐκείνων
1821 1371 1921 1447 οὓς

213 1473 323 1533 τως
361 1470 522 1540 ἔχειν.

341 1575 457 1642 ΞΕ
549 1577 768 1636 Οὐκοῦν
824 1583 950 1652 περὶ
1006 1579 1150 1654 μὲν
1151 1575 1356 1637 τοῦτον
1395 1579 1492 1636 καὶ
1531 1574 1675 1651 ταχα
1711 1582 1922 1633 ἐπισκε-

209 1660 460 1745 apameam
503 1683 886 1744 σαφεστερον,
922 1660 996 1722 ‹321›
1037 1669 1116 1723 έτι
1128 1666 1506 1790 βουλομένοις
1528 1661 1670 1737 ἡμῖν
1687 1653 1754 1741 ᾖ·
1795 1662 1921 1737 περὶ

326 1888 380 1932 Ρ.
414 1894 514 1937 254,
577 1886 800 1932 τούτου.
863 1886 966 1932 ΘΕ.
1008 1891 1148 1940 πῶς]
1186 1887 1290 1932 Hoc
1330 1889 1419 1936 πῶς
1456 1898 1544 1930 οιιι.
1584 1881 1714 1929 Bodl.
1746 1881 1844 1927 vat.
1874 1887 1921 1927 et

196 1958 279 2031 ῬΥ
311 1948 891 2060 Ἓῦτῖξῗὴέἶόφθῆναι]
926 2001 1110 2051 εὐπετῶς
1147 1992 1916 2047 Bod1.Vat.Ven.11Az·.Cois1.

212 2061 541 2164 VindB?÷2oel?
555 2063 710 2178 353}
739 2062 1219 2173 ξιπῗῖσῗειῑόῗιίεῐᾏα]
1252 2118 1349 2171 καί,
1381 2117 1499 2172 quod
1529 2118 1659 2170 vulgo
1689 2114 1917 2166 omissum,

214 2195 272 2225 ex
299 2179 426 2222 Bodl.
458 2179 555 2221 Vat.
586 2179 695 2222 Ven.
724 2177 890 2223 ΠΣΛ.
923 2177 1054 2220 Coisl.
1087 2177 1188 2219 Par.
1224 2176 1478 2221 BCEFH.
1507 2173 1627 2217 Flor.
1659 2186 1698 2215 a.
1736 2173 1780 2215 b.
1812 2185 1852 2216 e.
1887 2173 1914 2215 i.

214 2241 318 2283 Zitt.
350 2237 629 2286 restituimus,

1105 2380 1279 2431 ruisset,
1311 2375 1438 2418 etiam
1470 2374 1525 2418 de
1554 2351 1807 2430 philosopho
1828 2371 1919 2413 dis-

208 2391 302 2422 'non
330 2378 500 2420 videtur
529 2376 717 2420 dubitari
745 2390 891 2431 posse,
922 2379 1023 2433 quin

1106 2440 1343 2491 putantem
1387 2389 1740 2474 inducere.1d
1806 2430 1918 2471 enim

214 2438 287 2479 ille
332 2437 427 2490 ipse
470 2435 576 2476 liber
623 2434 894 2476 Parmenidis
942 2450 1022 2478 no-

215 2494 331 2537 mine
378 2491 627 2545 inscriptuss
653 2491 891 2546 philosophi
921 2497 1022 2534 tan-

217 2563 348 2605 quam
393 2549 571 2606 perfecti
615 2547 826 2595 dialectici
872 2550 1023 2604 imagi-

216 2621 331 2654 nem
349 2607 405 2648 ob
437 2608 585 2648 oculos
608 2610 756 2659 ponat.
815 2606 945 2649 Quod
975 2612 1025 2648 ut

215 2678 303 2707 non
345 2663 738 2708 animadverterent
771 2664 851 2710 viri
889 2665 1022 2717 docti,

215 2726 388 2778 praeter
409 2721 491 2762 alia
522 2721 710 2764 maxime
739 2734 792 2762 eo
823 2723 1025 2764 effectum

218 2785 312 2832 est,
351 2778 472 2832 quod
511 2778 690 2820 easdem
728 2777 820 2820 fere
862 2784 1024 2833 partes,

218 2850 337 2890 quas
355 2837 398 2878 in
419 2835 628 2890 Sophista
656 2838 700 2876 et
729 2836 916 2878 Politico
947 2836 1026 2878 ho-

220 2894 321 2948 spiti
378 2893 578 2936 Eleatico
637 2891 759 2949 datas
814 2894 1026 2946 videmus,

216 2951 311 3005 ipse
340 2950 649 3002 Parmenides,
691 2949 862 2993 scholae
892 2951 1026 2996 Elea—-

217 3009 328 3050 ticae
356 3007 552 3064 princeps
584 3012 628 3049 et
667 3008 876 3060 magister
907 3021 1028 3050 sum-

217 3078 338 3116 mus,
387 3065 583 3105 sustinet.
666 3065 856 3110 Mutavit
914 3066 1027 3107 enim

217 3121 351 3164 Plato
395 3126 619 3163 externum
657 3123 868 3164 sermonis
899 3135 1027 3163 orna—

219 3183 311 3219 tum
353 3179 408 3219 ob
453 3191 628 3219 caussas
657 3181 786 3231 longe
821 3180 1028 3232 gravissi-

220 3248 340 3287 mas,
386 3248 643 3287 quamquam
685 3237 738 3278 ab
781 3236 900 3278 initio
931 3237 1028 3289 qui—

222 3292 322 3334 dem
355 3292 524 3332 videtur
554 3306 704 3334 secum
737 3294 1027 3345 constituisse,

223 3348 407 3392 eundem
429 3347 642 3400 hospitem
669 3349 927 3402 Eleaticum,
959 3351 1030 3403 qui

225 3405 283 3450 de
333 3403 534 3460 sophista
579 3410 624 3448 et
658 3406 845 3449 Politico
893 3408 1030 3450 disse-

1109 2506 1163 2536 ex
1199 2493 1327 2534 Polit.
1372 2503 1414 2544 p.
1452 2494 1551 2531 257.
1582 2491 1635 2531 Α
1680 2487 1919 2531 clarissime

1107 2550 1369 2602 intelligitur
1412 2552 1414 2555 ⁴

1165 2636 1218 2678 P.
1252 2638 1350 2675 254.
1415 2630 1619 2702 ἕτερον
1654 2630 1758 2686 μὴν
1794 2627 1921 2686 τρό-

1108 2707 1212 2735 πον
1240 2714 1299 2725 -—-
1327 2689 1570 2742 τούτου]
1603 2692 1684 2733 Int.
1714 2689 1807 2730 ἐστὶ
1833 2703 1919 2740 χα-

1109 2749 1306 2803 λεπότης,
1336 2753 1384 2790 ut
1400 2748 1695 2807 praedicatum
1727 2760 1783 2789 ex
1811 2746 1930 2789 sub-.

1109 2809 1227 2852 iecto
1256 2811 1490 2860 repetatur

1226 2867 1394 2919 τριβῇ
1455 2858 1919 2918 προςαπτόμενος

1110 2919 1309 2974 αὐτῆς]
1361 2918 1772 2964 consuetudine
1800 2931 1918 2962 eam

1111 2980 1292 3032 attiug³
1278 2991 1409 3020 r.ens

1167 3063 1219 3106 B.
1287 3060 1431 3116 τάχα
1462 3052 1916 3117 ἐπισκεψόμεθα]

1111 3120 1171 3163 H.
1214 3133 1251 3161 e.
1290 3133 1413 3161 mox
1451 3121 1784 3162 videbimus.
1843 3119 1917 3160 Sic

1079 3189 1081 3195 ⁴
1111 3192 1153 3232 p.
1176 3181 1273 3223 247.
1293 3178 1345 3220 D,
1363 3176 1477 3229 τάχα
1508 3177 1738 3232 εἰσόμεθα.
1785 3177 1918 3218 Plura

1113 3235 1311 3277 dedimus
1341 3235 1396 3276 ad
1424 3236 1559 3287 Gorg.
1591 3250 1633 3290 p.
1654 3239 1751 3275 450.
1770 3233 1818 3274 C.
1849 3234 1917 3275 De

1112 3292 1318 3347 proximis
1370 3292 1481 3333 cons.
1525 3293 1738 3335 Homer.
1789 3290 1912 3331 Iliad.

1112 3363 1153 3391 v.
1189 3352 1283 3389 108.
1323 3349 1423 3402 ἐμοὶ
1461 3349 1512 3392 δέ
1544 3366 1613 3391 κεν
1641 3348 1804 3403 ἀσμένῳ
1835 3348 1912 3401 εἴη.

1113 3408 1250 3462 Gorg.
1292 3407 1404 3450 Plat.
1436 3421 1476 3461 p.
1509 3411 1608 3449 448.
1637 3406 1691 3450 D.
1729 3406 1768 3447 εἰ
1797 3404 1918 3463 αὐτῷ
