<?xml version="1.0" encoding="UTF-8"?>
<!DOCTYPE html PUBLIC "-//W3C//DTD XHTML 1.0 Transitional//EN"
    "http://www.w3.org/TR/xhtml1/DTD/xhtml1-transitional.dtd">
<html xmlns="http://www.w3.org/1999/xhtml" xml:lang="en" lang="en">
 <head>
  <title>
</title>
<meta http-equiv="Content-Type" content="text/html;charset=utf-8" />
  <meta name='ocr-system' content='tesseract 3.04.00' />
  <meta name='ocr-capabilities' content='ocr_page ocr_carea ocr_par ocr_line ocrx_word'/>
</head>
<body>
  <div class='ocr_page' id='page_1' title='image "./s1s2operaomniare08platuoft_0316.png"; bbox 0 0 2028 3750; ppageno 0'>
   <div class='ocr_carea' id='block_1_1' title="bbox 212 234 1311 299">
    <p class='ocr_par' dir='ltr' id='par_1_1' title="bbox 212 234 1311 299">
     <span class='ocr_line' id='line_1_1' title="bbox 212 234 1311 299; baseline 0.006 -12"><span class='ocrx_word' id='word_1_1' title='bbox 212 234 284 287; x_wconf 73' lang='lat'><strong>14</strong></span> <span class='ocrx_word' id='word_1_2' title='bbox 792 236 1311 299; x_wconf 75' lang='lat' dir='ltr'><strong>PROLEGOMENA‘</strong></span> 
     </span>
    </p>
   </div>
   <div class='ocr_carea' id='block_1_2' title="bbox 175 378 1904 3499">
    <p class='ocr_par' dir='ltr' id='par_1_2' title="bbox 175 378 1904 2713">
     <span class='ocr_line' id='line_1_2' title="bbox 206 378 1884 454; baseline 0.008 -26"><span class='ocrx_word' id='word_1_3' title='bbox 206 378 404 445; x_wconf 85' lang='lat' dir='ltr'><strong>longius</strong></span> <span class='ocrx_word' id='word_1_4' title='bbox 472 395 568 429; x_wconf 87' lang='lat' dir='ltr'><strong>non</strong></span> <span class='ocrx_word' id='word_1_5' title='bbox 638 382 788 433; x_wconf 86' lang='lat' dir='ltr'><strong>modo</strong></span> <span class='ocrx_word' id='word_1_6' title='bbox 844 380 1132 431; x_wconf 79' lang='lat' dir='ltr'><strong>Eleatarum</strong></span> <span class='ocrx_word' id='word_1_7' title='bbox 1198 385 1475 442; x_wconf 81' lang='lat' dir='ltr'><strong>doctrinam</strong></span> <span class='ocrx_word' id='word_1_8' title='bbox 1533 387 1884 454; x_wconf 77' lang='lat' dir='ltr'>confutaverit,</span> 
     </span>
     <span class='ocr_line' id='line_1_3' title="bbox 206 452 1884 519; baseline 0.007 -20"><span class='ocrx_word' id='word_1_9' title='bbox 206 453 299 499; x_wconf 82' lang='lat' dir='ltr'><strong>sed</strong></span> <span class='ocrx_word' id='word_1_10' title='bbox 338 453 486 499; x_wconf 80' lang='lat' dir='ltr'><strong>etiam</strong></span> <span class='ocrx_word' id='word_1_11' title='bbox 525 452 629 498; x_wconf 75' lang='lat' dir='ltr'><strong>veri</strong></span> <span class='ocrx_word' id='word_1_12' title='bbox 664 453 875 499; x_wconf 87' lang='lat' dir='ltr'><strong>nominis</strong></span> <span class='ocrx_word' id='word_1_13' title='bbox 914 453 1270 519; x_wconf 74' lang='lat' dir='ltr'><strong>philosophum</strong></span> <span class='ocrx_word' id='word_1_14' title='bbox 1319 465 1346 503; x_wconf 68' lang='lat' dir='ltr'><strong>a·</strong></span> <span class='ocrx_word' id='word_1_15' title='bbox 1383 459 1488 505; x_wconf 66' lang='lat' dir='ltr'><strong>viro</strong></span> <span class='ocrx_word' id='word_1_16' title='bbox 1542 459 1672 507; x_wconf 73' lang='lat' dir='ltr'><strong>civili</strong></span> <span class='ocrx_word' id='word_1_17' title='bbox 1708 460 1884 511; x_wconf 72' lang='lat' dir='ltr'><strong>distin-</strong></span> 
     </span>
     <span class='ocr_line' id='line_1_4' title="bbox 205 521 1884 596; baseline 0.008 -29"><span class='ocrx_word' id='word_1_18' title='bbox 205 523 452 586; x_wconf 78' lang='lat' dir='ltr'><strong>guendum</strong></span> <span class='ocrx_word' id='word_1_19' title='bbox 494 538 608 569; x_wconf 86' lang='lat' dir='ltr'><strong>esse</strong></span> <span class='ocrx_word' id='word_1_20' title='bbox 659 523 904 571; x_wconf 74' lang='lat' dir='ltr'><strong>docuerit.</strong></span> <span class='ocrx_word' id='word_1_21' title='bbox 975 521 1204 574; x_wconf 85' lang='lat' dir='ltr'><strong>Fuerunt</strong></span> <span class='ocrx_word' id='word_1_22' title='bbox 1254 528 1386 583; x_wconf 79' lang='lat' dir='ltr'><strong>enim</strong></span> <span class='ocrx_word' id='word_1_23' title='bbox 1433 529 1518 577; x_wconf 82' lang='lat' dir='ltr'><strong>ina</strong></span> <span class='ocrx_word' id='word_1_24' title='bbox 1567 534 1758 591; x_wconf 84' lang='lat' dir='ltr'><strong>aetate,</strong></span> <span class='ocrx_word' id='word_1_25' title='bbox 1802 533 1884 596; x_wconf 87' lang='lat' dir='ltr'><strong>qui</strong></span> 
     </span>
     <span class='ocr_line' id='line_1_5' title="bbox 175 593 1885 656; baseline 0.005 -15"><span class='ocrx_word' id='word_1_26' title='bbox 175 593 538 656; x_wconf 75' lang='lat' dir='ltr'><strong>‚philosophos</strong></span> <span class='ocrx_word' id='word_1_27' title='bbox 589 597 641 646; x_wconf 83' lang='lat' dir='ltr'><strong>ct</strong></span> <span class='ocrx_word' id='word_1_28' title='bbox 690 594 922 656; x_wconf 84' lang='lat' dir='ltr'><strong>politicos</strong></span> <span class='ocrx_word' id='word_1_29' title='bbox 959 596 1086 643; x_wconf 88' lang='lat' dir='ltr'><strong>mire</strong></span> <span class='ocrx_word' id='word_1_30' title='bbox 1133 597 1512 648; x_wconf 76' lang='lat' dir='ltr'><strong>consumierent.</strong></span> <span class='ocrx_word' id='word_1_31' title='bbox 1587 599 1688 648; x_wconf 85' lang='lat' dir='ltr'><strong>Sed</strong></span> <span class='ocrx_word' id='word_1_32' title='bbox 1741 602 1885 651; x_wconf 84' lang='lat' dir='ltr'><strong>nolu-</strong></span> 
     </span>
     <span class='ocr_line' id='line_1_6' title="bbox 203 663 1882 733; baseline 0.009 -26"><span class='ocrx_word' id='word_1_33' title='bbox 203 679 313 711; x_wconf 89' lang='lat' dir='ltr'><strong>mus</strong></span> <span class='ocrx_word' id='word_1_34' title='bbox 347 679 476 714; x_wconf 82' lang='lat' dir='ltr'><strong>nunc</strong></span> <span class='ocrx_word' id='word_1_35' title='bbox 515 663 578 719; x_wconf 79' lang='lat' dir='ltr'><strong>de</strong></span> <span class='ocrx_word' id='word_1_36' title='bbox 615 664 712 711; x_wconf 87' lang='lat' dir='ltr'><strong>hoc</strong></span> <span class='ocrx_word' id='word_1_37' title='bbox 749 670 1040 728; x_wconf 71' lang='lat' dir='ltr'><strong>argumento</strong></span> <span class='ocrx_word' id='word_1_38' title='bbox 1082 683 1364 732; x_wconf 75' lang='lat' dir='ltr'><strong>exponere,</strong></span> <span class='ocrx_word' id='word_1_39' title='bbox 1414 671 1479 718; x_wconf 84' lang='lat' dir='ltr'><strong>(le</strong></span> <span class='ocrx_word' id='word_1_40' title='bbox 1526 687 1623 733; x_wconf 91' lang='lat' dir='ltr'><strong>quo</strong></span> <span class='ocrx_word' id='word_1_41' title='bbox 1660 670 1882 722; x_wconf 75' lang='lat' dir='ltr'><strong>dicemus</strong></span> 
     </span>
     <span class='ocr_line' id='line_1_7' title="bbox 202 733 1883 805; baseline 0.007 -25"><span class='ocrx_word' id='word_1_42' title='bbox 202 733 253 780; x_wconf 89' lang='lat' dir='ltr'><strong>in</strong></span> <span class='ocrx_word' id='word_1_43' title='bbox 293 733 668 796; x_wconf 75' lang='lat' dir='ltr'><strong>Prolego&#39;menis</strong></span> <span class='ocrx_word' id='word_1_44' title='bbox 708 736 772 784; x_wconf 87' lang='lat' dir='ltr'><strong>ad</strong></span> <span class='ocrx_word' id='word_1_45' title='bbox 806 735 1090 793; x_wconf 84' lang='lat' dir='ltr'><strong>Politicum.</strong></span> <span class='ocrx_word' id='word_1_46' title='bbox 1166 739 1369 804; x_wconf 80' lang='lat' dir='ltr'><strong>Hospes</strong></span> <span class='ocrx_word' id='word_1_47' title='bbox 1414 734 1570 804; x_wconf 78' lang='lat' dir='ltr'><strong>igitur</strong></span> <span class='ocrx_word' id='word_1_48' title='bbox 1606 742 1883 805; x_wconf 79' lang='lat' dir='ltr'><strong>Eleaticus,</strong></span> 
     </span>
     <span class='ocr_line' id='line_1_8' title="bbox 204 803 1883 876; baseline 0.008 -27"><span class='ocrx_word' id='word_1_49' title='bbox 204 803 429 860; x_wconf 78' lang='lat' dir='ltr'><strong>Socratis</strong></span> <span class='ocrx_word' id='word_1_50' title='bbox 463 805 705 853; x_wconf 68' lang='lat' dir='ltr'><strong>voluntati</strong></span> <span class='ocrx_word' id='word_1_51' title='bbox 744 806 1211 874; x_wconf 76' lang='lat' dir='ltr'><strong>obtemperaturus,</strong></span> <span class='ocrx_word' id='word_1_52' title='bbox 1262 809 1377 875; x_wconf 85' lang='lat' dir='ltr'><strong>quid</strong></span> <span class='ocrx_word' id='word_1_53' title='bbox 1425 813 1517 871; x_wconf 85' lang='lat' dir='ltr'><strong>sit,</strong></span> <span class='ocrx_word' id='word_1_54' title='bbox 1564 812 1617 860; x_wconf 87' lang='lat' dir='ltr'><strong>in</strong></span> <span class='ocrx_word' id='word_1_55' title='bbox 1653 829 1750 876; x_wconf 89' lang='lat' dir='ltr'><strong>quo</strong></span> <span class='ocrx_word' id='word_1_56' title='bbox 1787 812 1883 861; x_wconf 83' lang='lat' dir='ltr'><strong>So-</strong></span> 
     </span>
     <span class='ocr_line' id='line_1_9' title="bbox 199 874 1883 947; baseline 0.007 -26"><span class='ocrx_word' id='word_1_57' title='bbox 199 874 402 938; x_wconf 80' lang='lat' dir='ltr'><strong>phista‘e</strong></span> <span class='ocrx_word' id='word_1_58' title='bbox 449 882 623 924; x_wconf 80' lang='lat' dir='ltr'><strong>natura</strong></span> <span class='ocrx_word' id='word_1_59' title='bbox 670 883 931 937; x_wconf 76' lang='lat' dir='ltr'>cernatur,</span> <span class='ocrx_word' id='word_1_60' title='bbox 994 878 1285 928; x_wconf 75' lang='lat' dir='ltr'><strong>disserendo</strong></span> <span class='ocrx_word' id='word_1_61' title='bbox 1348 882 1596 947; x_wconf 79' lang='lat' dir='ltr'><strong>explicare</strong></span> <span class='ocrx_word' id='word_1_62' title='bbox 1656 889 1883 946; x_wconf 80' lang='lat' dir='ltr'><strong>conatur,</strong></span> 
     </span>
     <span class='ocr_line' id='line_1_10' title="bbox 200 944 1881 1010; baseline 0.006 -17"><span class='ocrx_word' id='word_1_63' title='bbox 200 944 419 1010; x_wconf 80' lang='lat' dir='ltr'><strong>ideoque</strong></span> <span class='ocrx_word' id='word_1_64' title='bbox 458 946 794 995; x_wconf 64' lang='lat' dir='ltr'><strong>&#39;l&#39;heaeteium</strong></span> <span class='ocrx_word' id='word_1_65' title='bbox 834 948 894 1000; x_wconf 71' lang='lat' dir='ltr'><strong>ad</strong></span> <span class='ocrx_word' id='word_1_66' title='bbox 932 965 1191 1006; x_wconf 83' lang='lat' dir='ltr'><strong>sermones</strong></span> <span class='ocrx_word' id='word_1_67' title='bbox 1230 967 1400 1001; x_wconf 89' lang='lat' dir='ltr'><strong>secum</strong></span> <span class='ocrx_word' id='word_1_68' title='bbox 1438 953 1769 1003; x_wconf 80' lang='lat' dir='ltr'><strong>instituendos</strong></span> <span class='ocrx_word' id='word_1_69' title='bbox 1805 955 1881 1003; x_wconf 86' lang='lat' dir='ltr'><strong>in-</strong></span> 
     </span>
     <span class='ocr_line' id='line_1_11' title="bbox 197 1017 1904 1082; baseline 0.007 -20"><span class='ocrx_word' id='word_1_70' title='bbox 197 1017 335 1065; x_wconf 80' lang='lat' dir='ltr'><strong>vitat.</strong></span> <span class='ocrx_word' id='word_1_71' title='bbox 426 1017 694 1065; x_wconf 78' lang='lat' dir='ltr'><strong>Enimvero</strong></span> <span class='ocrx_word' id='word_1_72' title='bbox 760 1019 957 1076; x_wconf 81' lang='lat' dir='ltr'><strong>videtur</strong></span> <span class='ocrx_word' id='word_1_73' title='bbox 1029 1035 1138 1082; x_wconf 80' lang='lat' dir='ltr'><strong>mos</strong></span> <span class='ocrx_word' id='word_1_74' title='bbox 1207 1021 1370 1071; x_wconf 86' lang='lat' dir='ltr'><strong>fuisse</strong></span> <span class='ocrx_word' id='word_1_75' title='bbox 1425 1022 1765 1074; x_wconf 81' lang='lat' dir='ltr'><strong>Eleaticorum</strong></span> <span class='ocrx_word' id='word_1_76' title='bbox 1826 1030 1904 1082; x_wconf 79' lang='lat' dir='ltr'><strong>et-</strong></span> 
     </span>
     <span class='ocr_line' id='line_1_12' title="bbox 196 1085 1880 1159; baseline 0.004 -23"><span class='ocrx_word' id='word_1_77' title='bbox 196 1085 599 1152; x_wconf 80' lang='lat' dir='ltr'><strong>Megaricorum,</strong></span> <span class='ocrx_word' id='word_1_78' title='bbox 648 1090 962 1150; x_wconf 69' lang='lat' dir='ltr'>dialecticam</span> <span class='ocrx_word' id='word_1_79' title='bbox 997 1091 1068 1138; x_wconf 77' lang='lat' dir='ltr'><strong>ita</strong></span> <span class='ocrx_word' id='word_1_80' title='bbox 1105 1107 1368 1153; x_wconf 78' lang='lat' dir='ltr'><strong>exercere,</strong></span> <span class='ocrx_word' id='word_1_81' title='bbox 1416 1100 1473 1143; x_wconf 89' lang='lat' dir='ltr'><strong>ut</strong></span> <span class='ocrx_word' id='word_1_82' title='bbox 1522 1095 1767 1159; x_wconf 82' lang='lat' dir='ltr'><strong>colloquia</strong></span> <span class='ocrx_word' id='word_1_83' title='bbox 1803 1096 1880 1150; x_wconf 87' lang='lat' dir='ltr'><strong>in-</strong></span> 
     </span>
     <span class='ocr_line' id='line_1_13' title="bbox 198 1159 1878 1230; baseline 0.001 -22"><span class='ocrx_word' id='word_1_84' title='bbox 198 1159 495 1218; x_wconf 82' lang='lat' dir='ltr'><strong>stituerent,</strong></span> <span class='ocrx_word' id='word_1_85' title='bbox 535 1160 713 1222; x_wconf 80' lang='lat' dir='ltr'><strong>quibus</strong></span> <span class='ocrx_word' id='word_1_86' title='bbox 749 1177 862 1220; x_wconf 85' lang='lat' dir='ltr'><strong>res,</strong></span> <span class='ocrx_word' id='word_1_87' title='bbox 912 1162 975 1209; x_wconf 89' lang='lat' dir='ltr'><strong>de</strong></span> <span class='ocrx_word' id='word_1_88' title='bbox 1013 1163 1190 1224; x_wconf 83' lang='lat' dir='ltr'><strong>quibus</strong></span> <span class='ocrx_word' id='word_1_89' title='bbox 1225 1169 1489 1228; x_wconf 78' lang='lat' dir='ltr'><strong>ageretur,</strong></span> <span class='ocrx_word' id='word_1_90' title='bbox 1537 1166 1588 1214; x_wconf 90' lang='lat' dir='ltr'><strong>in</strong></span> <span class='ocrx_word' id='word_1_91' title='bbox 1625 1165 1878 1230; x_wconf 79' lang='lat' dir='ltr'><strong>discepta-</strong></span> 
     </span>
     <span class='ocr_line' id='line_1_14' title="bbox 195 1230 1879 1299; baseline 0.004 -22"><span class='ocrx_word' id='word_1_92' title='bbox 195 1230 389 1278; x_wconf 66' lang='lat' dir='ltr'><strong>tionem</strong></span> <span class='ocrx_word' id='word_1_93' title='bbox 441 1237 751 1278; x_wconf 71' lang='lat' dir='ltr'><strong>vocarentur.</strong></span> <span class='ocrx_word' id='word_1_94' title='bbox 837 1231 890 1278; x_wconf 86' lang='lat' dir='ltr'><strong>ld</strong></span> <span class='ocrx_word' id='word_1_95' title='bbox 942 1233 1071 1295; x_wconf 85' lang='lat' dir='ltr'><strong>quod</strong></span> <span class='ocrx_word' id='word_1_96' title='bbox 1121 1249 1270 1296; x_wconf 90' lang='lat' dir='ltr'><strong>quum</strong></span> <span class='ocrx_word' id='word_1_97' title='bbox 1319 1235 1383 1291; x_wconf 85' lang='lat' dir='ltr'><strong>de</strong></span> <span class='ocrx_word' id='word_1_98' title='bbox 1428 1237 1634 1285; x_wconf 82' lang='lat' dir='ltr'><strong>Zenone</strong></span> <span class='ocrx_word' id='word_1_99' title='bbox 1680 1236 1879 1299; x_wconf 69' lang='lat' dir='ltr'><strong>Eleata,</strong></span> 
     </span>
     <span class='ocr_line' id='line_1_15' title="bbox 195 1301 1879 1371; baseline 0.004 -22"><span class='ocrx_word' id='word_1_100' title='bbox 195 1305 304 1358; x_wconf 72' lang='lat' dir='ltr'><strong>tum</strong></span> <span class='ocrx_word' id='word_1_101' title='bbox 341 1301 403 1347; x_wconf 86' lang='lat' dir='ltr'><strong>dc</strong></span> <span class='ocrx_word' id='word_1_102' title='bbox 439 1301 674 1362; x_wconf 78' lang='lat' dir='ltr'><strong>Euclide,</strong></span> <span class='ocrx_word' id='word_1_103' title='bbox 714 1302 918 1350; x_wconf 86' lang='lat' dir='ltr'><strong>scholae</strong></span> <span class='ocrx_word' id='word_1_104' title='bbox 954 1302 1244 1367; x_wconf 73' lang='lat' dir='ltr'><strong>&#39;Megaricae</strong></span> <span class='ocrx_word' id='word_1_105' title='bbox 1279 1307 1522 1371; x_wconf 73' lang='lat' dir='ltr'><strong>principe,</strong></span> <span class='ocrx_word' id='word_1_106' title='bbox 1561 1308 1682 1356; x_wconf 88' lang='lat' dir='ltr'><strong>satis</strong></span> <span class='ocrx_word' id='word_1_107' title='bbox 1718 1312 1879 1356; x_wconf 65' lang='lat' dir='ltr'><strong>testa—</strong></span> 
     </span>
     <span class='ocr_line' id='line_1_16' title="bbox 195 1371 1878 1445; baseline 0.005 -27"><span class='ocrx_word' id='word_1_108' title='bbox 195 1376 304 1419; x_wconf 88' lang='lat' dir='ltr'><strong>tum</strong></span> <span class='ocrx_word' id='word_1_109' title='bbox 347 1371 607 1421; x_wconf 85' lang='lat' dir='ltr'><strong>habemus.</strong></span> <span class='ocrx_word' id='word_1_110' title='bbox 693 1372 864 1435; x_wconf 87' lang='lat' dir='ltr'><strong>Itaque</strong></span> <span class='ocrx_word' id='word_1_111' title='bbox 916 1374 1030 1436; x_wconf 84' lang='lat' dir='ltr'><strong>quid</strong></span> <span class='ocrx_word' id='word_1_112' title='bbox 1079 1375 1146 1422; x_wconf 86' lang='lat' dir='ltr'><strong>sit</strong></span> <span class='ocrx_word' id='word_1_113' title='bbox 1198 1373 1463 1439; x_wconf 81' lang='lat' dir='ltr'><strong>sophista,</strong></span> <span class='ocrx_word' id='word_1_114' title='bbox 1519 1377 1878 1445; x_wconf 78' lang='lat' dir='ltr'><strong>interrogando</strong></span> 
     </span>
     <span class='ocr_line' id='line_1_17' title="bbox 195 1441 1880 1508; baseline 0.006 -18"><span class='ocrx_word' id='word_1_115' title='bbox 195 1448 251 1490; x_wconf 85' lang='lat' dir='ltr'><strong>et</strong></span> <span class='ocrx_word' id='word_1_116' title='bbox 285 1443 638 1505; x_wconf 84' lang='lat' dir='ltr'><strong>respondendo</strong></span> <span class='ocrx_word' id='word_1_117' title='bbox 678 1441 982 1507; x_wconf 70' lang='lat' dir='ltr'><strong>exquiritur-3</strong></span> <span class='ocrx_word' id='word_1_118' title='bbox 1029 1445 1122 1494; x_wconf 82' lang='lat' dir='ltr'><strong>scd</strong></span> <span class='ocrx_word' id='word_1_119' title='bbox 1171 1447 1447 1508; x_wconf 77' lang='lat' dir='ltr'><strong>exquiritur</strong></span> <span class='ocrx_word' id='word_1_120' title='bbox 1495 1448 1597 1508; x_wconf 85' lang='lat' dir='ltr'><strong>sic,</strong></span> <span class='ocrx_word' id='word_1_121' title='bbox 1644 1453 1702 1497; x_wconf 87' lang='lat' dir='ltr'><strong>ut</strong></span> <span class='ocrx_word' id='word_1_122' title='bbox 1747 1449 1880 1500; x_wconf 86' lang='lat' dir='ltr'><strong>ratio</strong></span> 
     </span>
     <span class='ocr_line' id='line_1_18' title="bbox 198 1512 1878 1580; baseline 0.005 -19"><span class='ocrx_word' id='word_1_123' title='bbox 198 1512 480 1562; x_wconf 83' lang='lat' dir='ltr'><strong>disserendi</strong></span> <span class='ocrx_word' id='word_1_124' title='bbox 512 1512 770 1578; x_wconf 81' lang='lat' dir='ltr'><strong>Megarica</strong></span> <span class='ocrx_word' id='word_1_125' title='bbox 807 1516 977 1579; x_wconf 85' lang='lat' dir='ltr'><strong>potius</strong></span> <span class='ocrx_word' id='word_1_126' title='bbox 1017 1531 1163 1580; x_wconf 88' lang='lat' dir='ltr'><strong>quam</strong></span> <span class='ocrx_word' id='word_1_127' title='bbox 1191 1515 1447 1568; x_wconf 82' lang='lat' dir='ltr'><strong>Socratica</strong></span> <span class='ocrx_word' id='word_1_128' title='bbox 1486 1534 1602 1567; x_wconf 86' lang='lat' dir='ltr'><strong>esse</strong></span> <span class='ocrx_word' id='word_1_129' title='bbox 1634 1519 1878 1576; x_wconf 78' lang='lat' dir='ltr'><strong>videatur.</strong></span> 
     </span>
     <span class='ocr_line' id='line_1_19' title="bbox 194 1582 1877 1656; baseline 0.004 -23"><span class='ocrx_word' id='word_1_130' title='bbox 194 1582 419 1633; x_wconf 81' lang='lat' dir='ltr'><strong>Difficile</strong></span> <span class='ocrx_word' id='word_1_131' title='bbox 464 1586 638 1648; x_wconf 84' lang='lat' dir='ltr'><strong>utique</strong></span> <span class='ocrx_word' id='word_1_132' title='bbox 687 1591 792 1646; x_wconf 82' lang='lat' dir='ltr'><strong>est,</strong></span> <span class='ocrx_word' id='word_1_133' title='bbox 845 1587 1007 1648; x_wconf 84' lang='lat' dir='ltr'><strong>inquit</strong></span> <span class='ocrx_word' id='word_1_134' title='bbox 1053 1587 1269 1651; x_wconf 85' lang='lat' dir='ltr'><strong>hospes,</strong></span> <span class='ocrx_word' id='word_1_135' title='bbox 1338 1589 1453 1652; x_wconf 86' lang='lat' dir='ltr'><strong>quid</strong></span> <span class='ocrx_word' id='word_1_136' title='bbox 1502 1588 1741 1655; x_wconf 84' lang='lat' dir='ltr'><strong>Sophista</strong></span> <span class='ocrx_word' id='word_1_137' title='bbox 1790 1592 1877 1656; x_wconf 86' lang='lat' dir='ltr'><strong>sit,</strong></span> 
     </span>
     <span class='ocr_line' id='line_1_20' title="bbox 194 1653 1878 1725; baseline 0.004 -21"><span class='ocrx_word' id='word_1_138' title='bbox 194 1653 415 1704; x_wconf 87' lang='lat' dir='ltr'><strong>indicare</strong></span> <span class='ocrx_word' id='word_1_139' title='bbox 462 1657 757 1712; x_wconf 80' lang='lat' dir='ltr'><strong>accuratius.</strong></span> <span class='ocrx_word' id='word_1_140' title='bbox 840 1656 914 1705; x_wconf 86' lang='lat' dir='ltr'><strong>Ut</strong></span> <span class='ocrx_word' id='word_1_141' title='bbox 958 1657 1115 1720; x_wconf 78' lang='lat' dir='ltr'><strong>igitur</strong></span> <span class='ocrx_word' id='word_1_142' title='bbox 1160 1659 1287 1706; x_wconf 76' lang='lat' dir='ltr'><strong>viam</strong></span> <span class='ocrx_word' id='word_1_143' title='bbox 1346 1664 1399 1708; x_wconf 88' lang='lat' dir='ltr'><strong>et</strong></span> <span class='ocrx_word' id='word_1_144' title='bbox 1448 1662 1720 1721; x_wconf 88' lang='lat' dir='ltr'><strong>rationem,</strong></span> <span class='ocrx_word' id='word_1_145' title='bbox 1780 1678 1878 1725; x_wconf 80' lang='lat' dir='ltr'><strong>qua</strong></span> 
     </span>
     <span class='ocr_line' id='line_1_21' title="bbox 193 1727 1877 1794; baseline 0.005 -20"><span class='ocrx_word' id='word_1_146' title='bbox 193 1741 280 1787; x_wconf 76' lang='lat' dir='ltr'><strong>res</strong></span> <span class='ocrx_word' id='word_1_147' title='bbox 328 1727 713 1791; x_wconf 81' lang='lat' dir='ltr'><strong>pervestiganda</strong></span> <span class='ocrx_word' id='word_1_148' title='bbox 767 1728 859 1787; x_wconf 84' lang='lat' dir='ltr'><strong>sit,</strong></span> <span class='ocrx_word' id='word_1_149' title='bbox 917 1743 1275 1791; x_wconf 81' lang='lat' dir='ltr'><strong>cognoscamus</strong></span> <span class='ocrx_word' id='word_1_150' title='bbox 1333 1735 1488 1793; x_wconf 85' lang='lat' dir='ltr'><strong>atque</strong></span> <span class='ocrx_word' id='word_1_151' title='bbox 1548 1731 1877 1794; x_wconf 81' lang='lat' dir='ltr'><strong>addiscamus,</strong></span> 
     </span>
     <span class='ocr_line' id='line_1_22' title="bbox 194 1797 1874 1868; baseline 0.004 -22"><span class='ocrx_word' id='word_1_152' title='bbox 194 1813 291 1861; x_wconf 83' lang='lat' dir='ltr'><strong>age</strong></span> <span class='ocrx_word' id='word_1_153' title='bbox 345 1799 558 1861; x_wconf 81' lang='lat' dir='ltr'><strong>primum</strong></span> <span class='ocrx_word' id='word_1_154' title='bbox 607 1799 659 1846; x_wconf 88' lang='lat' dir='ltr'><strong>in</strong></span> <span class='ocrx_word' id='word_1_155' title='bbox 716 1815 776 1847; x_wconf 86' lang='lat' dir='ltr'><strong>re</strong></span> <span class='ocrx_word' id='word_1_156' title='bbox 836 1799 1064 1848; x_wconf 81' lang='lat' dir='ltr'><strong>faciliore</strong></span> <span class='ocrx_word' id='word_1_157' title='bbox 1122 1800 1256 1850; x_wconf 86' lang='lat' dir='ltr'><strong>illam</strong></span> <span class='ocrx_word' id='word_1_158' title='bbox 1315 1797 1474 1864; x_wconf 83' lang='lat' dir='ltr'><strong>ipsam</strong></span> <span class='ocrx_word' id='word_1_159' title='bbox 1531 1802 1874 1868; x_wconf 79' lang='lat' dir='ltr'><strong>adhibeamus.</strong></span> 
     </span>
     <span class='ocr_line' id='line_1_23' title="bbox 192 1867 1875 1934; baseline 0.004 -17"><span class='ocrx_word' id='word_1_160' title='bbox 192 1867 319 1917; x_wconf 86' lang='lat' dir='ltr'><strong>Nam</strong></span> <span class='ocrx_word' id='word_1_161' title='bbox 355 1870 424 1926; x_wconf 80' lang='lat' dir='ltr'><strong>ita</strong></span> <span class='ocrx_word' id='word_1_162' title='bbox 462 1875 602 1916; x_wconf 87' lang='lat' dir='ltr'><strong>certe</strong></span> <span class='ocrx_word' id='word_1_163' title='bbox 638 1869 864 1918; x_wconf 85' lang='lat' dir='ltr'><strong>futurum</strong></span> <span class='ocrx_word' id='word_1_164' title='bbox 902 1875 998 1930; x_wconf 86' lang='lat' dir='ltr'><strong>est,</strong></span> <span class='ocrx_word' id='word_1_165' title='bbox 1036 1873 1092 1917; x_wconf 88' lang='lat' dir='ltr'><strong>ut</strong></span> <span class='ocrx_word' id='word_1_166' title='bbox 1118 1873 1369 1934; x_wconf 81' lang='lat' dir='ltr'><strong>quomodo</strong></span> <span class='ocrx_word' id='word_1_167' title='bbox 1406 1873 1457 1920; x_wconf 88' lang='lat' dir='ltr'><strong>in</strong></span> <span class='ocrx_word' id='word_1_168' title='bbox 1492 1879 1663 1922; x_wconf 86' lang='lat' dir='ltr'><strong>nostra</strong></span> <span class='ocrx_word' id='word_1_169' title='bbox 1699 1889 1875 1924; x_wconf 77' lang='lat' dir='ltr'><strong>caussa</strong></span> 
     </span>
     <span class='ocr_line' id='line_1_24' title="bbox 191 1939 1876 2007; baseline 0.005 -20"><span class='ocrx_word' id='word_1_170' title='bbox 191 1939 520 2003; x_wconf 80' lang='lat' dir='ltr'><strong>disceptanda</strong></span> <span class='ocrx_word' id='word_1_171' title='bbox 568 1942 863 1988; x_wconf 80' lang='lat' dir='ltr'><strong>versandum</strong></span> <span class='ocrx_word' id='word_1_172' title='bbox 903 1943 997 2001; x_wconf 85' lang='lat' dir='ltr'><strong>sit,</strong></span> <span class='ocrx_word' id='word_1_173' title='bbox 1045 1941 1158 2004; x_wconf 89' lang='lat' dir='ltr'><strong>ipso</strong></span> <span class='ocrx_word' id='word_1_174' title='bbox 1205 1958 1300 1990; x_wconf 90' lang='lat' dir='ltr'><strong>usu</strong></span> <span class='ocrx_word' id='word_1_175' title='bbox 1349 1958 1722 2007; x_wconf 78' lang='lat' dir='ltr'><strong>cognoscamus.</strong></span> <span class='ocrx_word' id='word_1_176' title='bbox 1794 1944 1876 1994; x_wconf 89' lang='lat' dir='ltr'><strong>In-</strong></span> 
     </span>
     <span class='ocr_line' id='line_1_25' title="bbox 194 2007 1874 2075; baseline 0.004 -17"><span class='ocrx_word' id='word_1_177' title='bbox 194 2007 419 2070; x_wconf 75' lang='lat' dir='ltr'><strong>stituitur</strong></span> <span class='ocrx_word' id='word_1_178' title='bbox 470 2012 624 2075; x_wconf 79' lang='lat' dir='ltr'><strong>igitur</strong></span> <span class='ocrx_word' id='word_1_179' title='bbox 670 2013 767 2061; x_wconf 89' lang='lat' dir='ltr'><strong>iam</strong></span> <span class='ocrx_word' id='word_1_180' title='bbox 813 2011 1087 2074; x_wconf 85' lang='lat' dir='ltr'><strong>disputatio</strong></span> <span class='ocrx_word' id='word_1_181' title='bbox 1132 2011 1196 2061; x_wconf 87' lang='lat' dir='ltr'><strong>de</strong></span> <span class='ocrx_word' id='word_1_182' title='bbox 1243 2014 1391 2061; x_wconf 84' lang='lat' dir='ltr'><strong>variis</strong></span> <span class='ocrx_word' id='word_1_183' title='bbox 1441 2016 1631 2064; x_wconf 88' lang='lat' dir='ltr'><strong>artibus</strong></span> <span class='ocrx_word' id='word_1_184' title='bbox 1677 2031 1874 2064; x_wconf 87' lang='lat' dir='ltr'><strong>earum-</strong></span> 
     </span>
     <span class='ocr_line' id='line_1_26' title="bbox 194 2083 1874 2146; baseline 0.005 -19"><span class='ocrx_word' id='word_1_185' title='bbox 194 2097 291 2144; x_wconf 88' lang='lat' dir='ltr'><strong>que</strong></span> <span class='ocrx_word' id='word_1_186' title='bbox 342 2083 596 2146; x_wconf 83' lang='lat' dir='ltr'><strong>partibus,</strong></span> <span class='ocrx_word' id='word_1_187' title='bbox 655 2083 725 2130; x_wconf 82' lang='lat' dir='ltr'><strong>ita</strong></span> <span class='ocrx_word' id='word_1_188' title='bbox 771 2087 968 2139; x_wconf 83' lang='lat' dir='ltr'><strong>tamen,</strong></span> <span class='ocrx_word' id='word_1_189' title='bbox 1025 2087 1082 2130; x_wconf 79' lang='lat' dir='ltr'><strong>ut</strong></span> <span class='ocrx_word' id='word_1_190' title='bbox 1129 2099 1254 2146; x_wconf 89' lang='lat' dir='ltr'><strong>quae</strong></span> <span class='ocrx_word' id='word_1_191' title='bbox 1293 2085 1377 2142; x_wconf 85' lang='lat' dir='ltr'><strong>hic</strong></span> <span class='ocrx_word' id='word_1_192' title='bbox 1425 2085 1764 2145; x_wconf 86' lang='lat' dir='ltr'><strong>disseruntur,</strong></span> <span class='ocrx_word' id='word_1_193' title='bbox 1813 2101 1874 2136; x_wconf 79' lang='lat' dir='ltr'><strong>ea</strong></span> 
     </span>
     <span class='ocr_line' id='line_1_27' title="bbox 190 2146 1870 2217; baseline 0.001 -17"><span class='ocrx_word' id='word_1_194' title='bbox 190 2146 302 2215; x_wconf 86' lang='lat' dir='ltr'><strong>ipsa</strong></span> <span class='ocrx_word' id='word_1_195' title='bbox 340 2147 452 2202; x_wconf 67' lang='lat' dir='ltr'><strong>miox</strong></span> <span class='ocrx_word' id='word_1_196' title='bbox 487 2153 798 2217; x_wconf 75' lang='lat' dir='ltr'><strong>lepidissime</strong></span> <span class='ocrx_word' id='word_1_197' title='bbox 836 2155 883 2201; x_wconf 85' lang='lat' dir='ltr'><strong>in</strong></span> <span class='ocrx_word' id='word_1_198' title='bbox 918 2152 1208 2217; x_wconf 82' lang='lat' dir='ltr'><strong>Sophistam</strong></span> <span class='ocrx_word' id='word_1_199' title='bbox 1244 2155 1645 2205; x_wconf 46' lang='lat' dir='ltr'><strong>transferantur(</strong></span> <span class='ocrx_word' id='word_1_200' title='bbox 1685 2156 1870 2205; x_wconf 74' lang='lat' dir='ltr'><strong>osten-.-</strong></span> 
     </span>
     <span class='ocr_line' id='line_1_28' title="bbox 193 2223 1870 2291; baseline 0.001 -20"><span class='ocrx_word' id='word_1_201' title='bbox 193 2224 330 2271; x_wconf 81' lang='lat' dir='ltr'><strong>ditur-</strong></span> <span class='ocrx_word' id='word_1_202' title='bbox 366 2226 494 2272; x_wconf 83' lang='lat' dir='ltr'><strong>enim</strong></span> <span class='ocrx_word' id='word_1_203' title='bbox 535 2229 716 2288; x_wconf 81' lang='lat' dir='ltr'><strong>postea</strong></span> <span class='ocrx_word' id='word_1_204' title='bbox 751 2223 1041 2287; x_wconf 81' lang='lat' dir='ltr'><strong>Sophistam</strong></span> <span class='ocrx_word' id='word_1_205' title='bbox 1091 2240 1205 2274; x_wconf 88' lang='lat' dir='ltr'><strong>esse</strong></span> <span class='ocrx_word' id='word_1_206' title='bbox 1248 2231 1566 2286; x_wconf 72' lang='lat' dir='ltr'><strong>venatorem,</strong></span> <span class='ocrx_word' id='word_1_207' title='bbox 1614 2228 1703 2291; x_wconf 85' lang='lat' dir='ltr'><strong>qui</strong></span> <span class='ocrx_word' id='word_1_208' title='bbox 1746 2227 1870 2279; x_wconf 77' lang='lat' dir='ltr'><strong>divi-.</strong></span> 
     </span>
     <span class='ocr_line' id='line_1_29' title="bbox 190 2294 1873 2362; baseline 0.002 -18"><span class='ocrx_word' id='word_1_209' title='bbox 190 2298 299 2344; x_wconf 82' lang='lat' dir='ltr'><strong>tum</strong></span> <span class='ocrx_word' id='word_1_210' title='bbox 375 2294 828 2359; x_wconf 87' lang='lat' dir='ltr'><strong>opulentorumque</strong></span> <span class='ocrx_word' id='word_1_211' title='bbox 882 2296 1136 2344; x_wconf 86' lang='lat' dir='ltr'><strong>hominum</strong></span> <span class='ocrx_word' id='word_1_212' title='bbox 1180 2297 1409 2362; x_wconf 13' lang='lat' dir='ltr'><strong>*gratiam</strong></span> <span class='ocrx_word' id='word_1_213' title='bbox 1468 2297 1594 2346; x_wconf 87' lang='lat' dir='ltr'><strong>lucri</strong></span> <span class='ocrx_word' id='word_1_214' title='bbox 1655 2297 1873 2348; x_wconf 85' lang='lat' dir='ltr'><strong>faciendi</strong></span> 
     </span>
     <span class='ocr_line' id='line_1_30' title="bbox 191 2366 1872 2431; baseline 0.004 -19"><span class='ocrx_word' id='word_1_215' title='bbox 191 2380 368 2412; x_wconf 80' lang='lat' dir='ltr'><strong>caussa</strong></span> <span class='ocrx_word' id='word_1_216' title='bbox 415 2371 716 2431; x_wconf 81' lang='lat' dir='ltr'><strong>aucupetur3</strong></span> <span class='ocrx_word' id='word_1_217' title='bbox 773 2366 985 2419; x_wconf 85' lang='lat' dir='ltr'><strong>eundem</strong></span> <span class='ocrx_word' id='word_1_218' title='bbox 1036 2383 1150 2415; x_wconf 87' lang='lat' dir='ltr'><strong>esse</strong></span> <span class='ocrx_word' id='word_1_219' title='bbox 1198 2368 1379 2416; x_wconf 87' lang='lat' dir='ltr'><strong>artium</strong></span> <span class='ocrx_word' id='word_1_220' title='bbox 1425 2385 1483 2416; x_wconf 85' lang='lat' dir='ltr'><strong>ac</strong></span> <span class='ocrx_word' id='word_1_221' title='bbox 1534 2370 1872 2424; x_wconf 78' lang='lat' dir='ltr'><strong>doctrinarum</strong></span> 
     </span>
     <span class='ocr_line' id='line_1_31' title="bbox 190 2435 1870 2502; baseline 0.003 -20"><span class='ocrx_word' id='word_1_222' title='bbox 190 2435 471 2483; x_wconf 83' lang='lat' dir='ltr'><strong>liberalium</strong></span> <span class='ocrx_word' id='word_1_223' title='bbox 514 2436 653 2498; x_wconf 77' lang='lat' dir='ltr'><strong>quusi</strong></span> <span class='ocrx_word' id='word_1_224' title='bbox 691 2441 1020 2496; x_wconf 79' lang='lat' dir='ltr'><strong>mercatorem</strong></span> <span class='ocrx_word' id='word_1_225' title='bbox 1073 2438 1316 2500; x_wconf 84' lang='lat' dir='ltr'><strong>quendam</strong></span> <span class='ocrx_word' id='word_1_226' title='bbox 1365 2444 1517 2501; x_wconf 87' lang='lat' dir='ltr'><strong>atque</strong></span> <span class='ocrx_word' id='word_1_227' title='bbox 1568 2455 1870 2502; x_wconf 79' lang='lat' dir='ltr'><strong>cauponem3</strong></span> 
     </span>
     <span class='ocr_line' id='line_1_32' title="bbox 189 2500 1870 2572; baseline 0.004 -20"><span class='ocrx_word' id='word_1_228' title='bbox 189 2521 345 2572; x_wconf 67' lang='lat' dir='ltr'><strong>porro</strong></span> <span class='ocrx_word' id='word_1_229' title='bbox 383 2522 623 2554; x_wconf 84' lang='lat' dir='ltr'><strong>exercere</strong></span> <span class='ocrx_word' id='word_1_230' title='bbox 672 2521 782 2554; x_wconf 89' lang='lat' dir='ltr'><strong>eum</strong></span> <span class='ocrx_word' id='word_1_231' title='bbox 833 2500 993 2555; x_wconf 86' lang='lat' dir='ltr'><strong>artem</strong></span> <span class='ocrx_word' id='word_1_232' title='bbox 1041 2509 1267 2556; x_wconf 86' lang='lat' dir='ltr'><strong>certandi</strong></span> <span class='ocrx_word' id='word_1_233' title='bbox 1315 2514 1465 2572; x_wconf 83' lang='lat' dir='ltr'><strong>atque</strong></span> <span class='ocrx_word' id='word_1_234' title='bbox 1513 2509 1768 2572; x_wconf 81' lang='lat' dir='ltr'><strong>litigandi3</strong></span> <span class='ocrx_word' id='word_1_235' title='bbox 1818 2515 1870 2559; x_wconf 82' lang='lat' dir='ltr'><strong>et</strong></span> 
     </span>
     <span class='ocr_line' id='line_1_33' title="bbox 190 2577 1870 2645; baseline 0.004 -21"><span class='ocrx_word' id='word_1_236' title='bbox 190 2592 319 2640; x_wconf 85' lang='lat' dir='ltr'><strong>quae</strong></span> <span class='ocrx_word' id='word_1_237' title='bbox 369 2584 487 2626; x_wconf 85' lang='lat' dir='ltr'><strong>sunt</strong></span> <span class='ocrx_word' id='word_1_238' title='bbox 533 2579 725 2627; x_wconf 77' lang='lat' dir='ltr'><strong>similia,</strong></span> <span class='ocrx_word' id='word_1_239' title='bbox 798 2577 1005 2625; x_wconf 75' lang='lat' dir='ltr'><strong>orditur</strong></span> <span class='ocrx_word' id='word_1_240' title='bbox 1048 2578 1202 2642; x_wconf 81' lang='lat' dir='ltr'><strong>igitur</strong></span> <span class='ocrx_word' id='word_1_241' title='bbox 1237 2577 1443 2629; x_wconf 87' lang='lat' dir='ltr'><strong>Eleates</strong></span> <span class='ocrx_word' id='word_1_242' title='bbox 1484 2579 1870 2645; x_wconf 79' lang='lat' dir='ltr'><strong>disputationem</strong></span> 
     </span>
     <span class='ocr_line' id='line_1_34' title="bbox 190 2644 1075 2713; baseline -0.003 -15"><span class='ocrx_word' id='word_1_243' title='bbox 190 2647 222 2704; x_wconf 64' lang='lat' dir='ltr'><strong>a</strong></span> <span class='ocrx_word' id='word_1_244' title='bbox 256 2649 596 2713; x_wconf 84' lang='lat' dir='ltr'><strong>piscatore</strong></span> <span class='ocrx_word' id='word_1_245' title='bbox 631 2649 1009 2697; x_wconf 87' lang='lat' dir='ltr'><strong>hamulario.</strong></span> <span class='ocrx_word' id='word_1_246' title='bbox 1073 2644 1075 2647; x_wconf 62' lang='grc'>’</span> 
     </span>
    </p>

    <p class='ocr_par' dir='ltr' id='par_1_3' title="bbox 188 2719 1867 3499">
     <span class='ocr_line' id='line_1_35' title="bbox 330 2719 1866 2784; baseline 0.003 -16"><span class='ocrx_word' id='word_1_247' title='bbox 330 2719 588 2782; x_wconf 78' lang='lat' dir='ltr'><strong>Piscator,</strong></span> <span class='ocrx_word' id='word_1_248' title='bbox 658 2721 843 2784; x_wconf 86' lang='lat' dir='ltr'><strong>inquit,</strong></span> <span class='ocrx_word' id='word_1_249' title='bbox 911 2724 1067 2767; x_wconf 89' lang='lat' dir='ltr'><strong>artem</strong></span> <span class='ocrx_word' id='word_1_250' title='bbox 1134 2720 1349 2783; x_wconf 80' lang='lat' dir='ltr'><strong>aliquam</strong></span> <span class='ocrx_word' id='word_1_251' title='bbox 1411 2725 1570 2771; x_wconf 85' lang='lat' dir='ltr'><strong>tenet.</strong></span> <span class='ocrx_word' id='word_1_252' title='bbox 1667 2723 1866 2775; x_wconf 82' lang='lat' dir='ltr'><strong>Artium</strong></span> 
     </span>
     <span class='ocr_line' id='line_1_36' title="bbox 192 2791 1867 2853; baseline 0.003 -16"><span class='ocrx_word' id='word_1_253' title='bbox 192 2791 409 2842; x_wconf 86' lang='lat' dir='ltr'><strong>omnium</strong></span> <span class='ocrx_word' id='word_1_254' title='bbox 448 2807 568 2839; x_wconf 82' lang='lat' dir='ltr'><strong>vero</strong></span> <span class='ocrx_word' id='word_1_255' title='bbox 606 2791 704 2838; x_wconf 82' lang='lat' dir='ltr'><strong>«luo</strong></span> <span class='ocrx_word' id='word_1_256' title='bbox 753 2796 867 2838; x_wconf 86' lang='lat' dir='ltr'><strong>suut</strong></span> <span class='ocrx_word' id='word_1_257' title='bbox 918 2807 1116 2853; x_wconf 72' lang='lat' dir='ltr'><strong>genera.</strong></span> <span class='ocrx_word' id='word_1_258' title='bbox 1199 2792 1342 2840; x_wconf 86' lang='lat' dir='ltr'><strong>Aliae</strong></span> <span class='ocrx_word' id='word_1_259' title='bbox 1397 2794 1528 2841; x_wconf 89' lang='lat' dir='ltr'><strong>enim</strong></span> <span class='ocrx_word' id='word_1_260' title='bbox 1580 2793 1867 2842; x_wconf 85' lang='lat' dir='ltr'><strong>effectrices</strong></span> 
     </span>
     <span class='ocr_line' id='line_1_37' title="bbox 191 2862 1867 2928; baseline 0.001 -18"><span class='ocrx_word' id='word_1_261' title='bbox 191 2866 336 2921; x_wconf 81' lang='lat' dir='ltr'><strong>s&#39;unt,</strong></span> <span class='ocrx_word' id='word_1_262' title='bbox 389 2862 512 2910; x_wconf 85' lang='lat' dir='ltr'><strong>aliae</strong></span> <span class='ocrx_word' id='word_1_263' title='bbox 549 2862 836 2926; x_wconf 83' lang='lat' dir='ltr'><strong>acquirendi</strong></span> <span class='ocrx_word' id='word_1_264' title='bbox 884 2878 1058 2910; x_wconf 80' lang='lat' dir='ltr'><strong>caussa</strong></span> <span class='ocrx_word' id='word_1_265' title='bbox 1096 2868 1408 2911; x_wconf 85' lang='lat' dir='ltr'><strong>exercentur.</strong></span> <span class='ocrx_word' id='word_1_266' title='bbox 1479 2864 1578 2912; x_wconf 88' lang='lat' dir='ltr'><strong>lam</strong></span> <span class='ocrx_word' id='word_1_267' title='bbox 1617 2880 1768 2928; x_wconf 85' lang='lat' dir='ltr'><strong>quum</strong></span> <span class='ocrx_word' id='word_1_268' title='bbox 1803 2863 1867 2914; x_wconf 85' lang='lat' dir='ltr'><strong>ad</strong></span> 
     </span>
     <span class='ocr_line' id='line_1_38' title="bbox 189 2931 1867 2998; baseline 0.003 -19"><span class='ocrx_word' id='word_1_269' title='bbox 189 2933 448 2998; x_wconf 78' lang='lat' dir='ltr'><strong>posterius</strong></span> <span class='ocrx_word' id='word_1_270' title='bbox 485 2949 641 2996; x_wconf 70' lang='lat' dir='ltr'><strong>genus</strong></span> <span class='ocrx_word' id='word_1_271' title='bbox 677 2950 757 2982; x_wconf 87' lang='lat' dir='ltr'><strong>ars</strong></span> <span class='ocrx_word' id='word_1_272' title='bbox 796 2935 1102 2997; x_wconf 79' lang='lat' dir='ltr'><strong>piscatorum</strong></span> <span class='ocrx_word' id='word_1_273' title='bbox 1137 2933 1406 2982; x_wconf 82' lang='lat' dir='ltr'><strong>referenda</strong></span> <span class='ocrx_word' id='word_1_274' title='bbox 1447 2935 1538 2993; x_wconf 85' lang='lat' dir='ltr'><strong>sit,</strong></span> <span class='ocrx_word' id='word_1_275' title='bbox 1591 2931 1692 2995; x_wconf 71' lang='grc' dir='ltr'><strong>τὴν</strong></span> <span class='ocrx_word' id='word_1_276' title='bbox 1740 2952 1867 2997; x_wconf 81' lang='grc' dir='ltr'><em>κτη-</em></span> 
     </span>
     <span class='ocr_line' id='line_1_39' title="bbox 188 2998 1863 3067; baseline 0.002 -16"><span class='ocrx_word' id='word_1_277' title='bbox 188 2998 374 3063; x_wconf 77' lang='grc' dir='ltr'>τικήν,</span> <span class='ocrx_word' id='word_1_278' title='bbox 427 3021 553 3067; x_wconf 85' lang='lat' dir='ltr'><strong>qnae</strong></span> <span class='ocrx_word' id='word_1_279' title='bbox 591 3005 786 3052; x_wconf 84' lang='lat' dir='ltr'><strong>Graece</strong></span> <span class='ocrx_word' id='word_1_280' title='bbox 824 3007 1056 3065; x_wconf 84' lang='lat' dir='ltr'><strong>vocatur,</strong></span> <span class='ocrx_word' id='word_1_281' title='bbox 1101 3020 1275 3053; x_wconf 86' lang='lat' dir='ltr'><strong>rursus</strong></span> <span class='ocrx_word' id='word_1_282' title='bbox 1314 3005 1583 3060; x_wconf 83' lang='lat' dir='ltr'><strong>dividamus</strong></span> <span class='ocrx_word' id='word_1_283' title='bbox 1620 3005 1863 3055; x_wconf 79' lang='lat' dir='ltr'><strong>bifariam.</strong></span> 
     </span>
     <span class='ocr_line' id='line_1_40' title="bbox 188 3071 1862 3140; baseline 0.001 -19"><span class='ocrx_word' id='word_1_284' title='bbox 188 3071 290 3121; x_wconf 75' lang='lat' dir='ltr'><strong>Est</strong></span> <span class='ocrx_word' id='word_1_285' title='bbox 327 3078 489 3128; x_wconf 85' lang='lat' dir='ltr'><strong>autem</strong></span> <span class='ocrx_word' id='word_1_286' title='bbox 529 3076 686 3124; x_wconf 86' lang='lat' dir='ltr'><strong>altera</strong></span> <span class='ocrx_word' id='word_1_287' title='bbox 723 3077 829 3123; x_wconf 83' lang='lat' dir='ltr'><strong>eius</strong></span> <span class='ocrx_word' id='word_1_288' title='bbox 872 3093 1015 3139; x_wconf 81' lang='lat' dir='ltr'><strong>pars,</strong></span> <span class='ocrx_word' id='word_1_289' title='bbox 1063 3091 1188 3137; x_wconf 82' lang='lat' dir='ltr'><strong>quae</strong></span> <span class='ocrx_word' id='word_1_290' title='bbox 1237 3076 1296 3124; x_wconf 86' lang='lat' dir='ltr'><strong>fit</strong></span> <span class='ocrx_word' id='word_1_291' title='bbox 1342 3077 1613 3125; x_wconf 86' lang='lat' dir='ltr'><strong>voluntaria</strong></span> <span class='ocrx_word' id='word_1_292' title='bbox 1661 3092 1862 3140; x_wconf 85' lang='lat' dir='ltr'><strong>permu-</strong></span> 
     </span>
     <span class='ocr_line' id='line_1_41' title="bbox 188 3143 1863 3210; baseline 0.002 -19"><span class='ocrx_word' id='word_1_293' title='bbox 188 3143 409 3202; x_wconf 74' lang='lat' dir='ltr'><strong>tatione3</strong></span> <span class='ocrx_word' id='word_1_294' title='bbox 469 3146 627 3194; x_wconf 84' lang='lat' dir='ltr'><strong>altera</strong></span> <span class='ocrx_word' id='word_1_295' title='bbox 687 3163 811 3209; x_wconf 85' lang='lat' dir='ltr'><strong>quae</strong></span> <span class='ocrx_word' id='word_1_296' title='bbox 867 3147 944 3193; x_wconf 80' lang='lat' dir='ltr'><strong>vel</strong></span> <span class='ocrx_word' id='word_1_297' title='bbox 999 3146 1171 3193; x_wconf 85' lang='lat' dir='ltr'><strong>sactis·</strong></span> <span class='ocrx_word' id='word_1_298' title='bbox 1200 3147 1279 3194; x_wconf 88' lang='lat' dir='ltr'><strong>vel</strong></span> <span class='ocrx_word' id='word_1_299' title='bbox 1323 3149 1488 3195; x_wconf 87' lang='lat' dir='ltr'><strong>verbis</strong></span> <span class='ocrx_word' id='word_1_300' title='bbox 1535 3148 1717 3210; x_wconf 85' lang='lat' dir='ltr'><strong>aliquid</strong></span> <span class='ocrx_word' id='word_1_301' title='bbox 1766 3147 1863 3195; x_wconf 86' lang='lat' dir='ltr'><strong>sibi</strong></span> 
     </span>
     <span class='ocr_line' id='line_1_42' title="bbox 191 3211 1859 3283; baseline 0.002 -23"><span class='ocrx_word' id='word_1_302' title='bbox 191 3214 433 3273; x_wconf 77' lang='lat' dir='ltr'><strong>vindicat,</strong></span> <span class='ocrx_word' id='word_1_303' title='bbox 478 3218 692 3280; x_wconf 77' lang='lat' dir='ltr'><strong>ideoque</strong></span> <span class='ocrx_word' id='word_1_304' title='bbox 739 3211 1026 3283; x_wconf 74' lang='grc' dir='ltr'><strong>χειροὶτική</strong></span> <span class='ocrx_word' id='word_1_305' title='bbox 1073 3218 1367 3281; x_wconf 83' lang='lat' dir='ltr'><strong>appellatur.</strong></span> <span class='ocrx_word' id='word_1_306' title='bbox 1435 3219 1575 3267; x_wconf 88' lang='lat' dir='ltr'><strong>Haec</strong></span> <span class='ocrx_word' id='word_1_307' title='bbox 1621 3219 1730 3283; x_wconf 80' lang='lat' dir='ltr'><strong>ipsa</strong></span> <span class='ocrx_word' id='word_1_308' title='bbox 1774 3233 1859 3264; x_wconf 74' lang='lat' dir='ltr'><strong>ve-</strong></span> 
     </span>
     <span class='ocr_line' id='line_1_43' title="bbox 191 3287 1861 3354; baseline 0.003 -20"><span class='ocrx_word' id='word_1_309' title='bbox 191 3299 252 3334; x_wconf 85' lang='lat' dir='ltr'><strong>ro</strong></span> <span class='ocrx_word' id='word_1_310' title='bbox 313 3300 486 3335; x_wconf 86' lang='lat' dir='ltr'><strong>rursus</strong></span> <span class='ocrx_word' id='word_1_311' title='bbox 547 3295 626 3334; x_wconf 83' lang='lat' dir='ltr'><strong>cst</strong></span> <span class='ocrx_word' id='word_1_312' title='bbox 691 3289 903 3353; x_wconf 72' lang='lat' dir='ltr'><strong>duplexz</strong></span> <span class='ocrx_word' id='word_1_313' title='bbox 958 3304 1072 3341; x_wconf 83' lang='lat' dir='ltr'><strong>nam</strong></span> <span class='ocrx_word' id='word_1_314' title='bbox 1132 3290 1174 3336; x_wconf 87' lang='lat' dir='ltr'><strong>si</strong></span> <span class='ocrx_word' id='word_1_315' title='bbox 1236 3289 1398 3354; x_wconf 80' lang='lat' dir='ltr'><strong>palam</strong></span> <span class='ocrx_word' id='word_1_316' title='bbox 1446 3296 1498 3337; x_wconf 88' lang='lat' dir='ltr'><strong>et</strong></span> <span class='ocrx_word' id='word_1_317' title='bbox 1544 3287 1719 3354; x_wconf 80' lang='lat' dir='ltr'><strong>aperte</strong></span> <span class='ocrx_word' id='word_1_318' title='bbox 1765 3289 1861 3339; x_wconf 83' lang='lat' dir='ltr'><strong>sibi</strong></span> 
     </span>
     <span class='ocr_line' id='line_1_44' title="bbox 192 3353 1860 3429; baseline 0.002 -27"><span class='ocrx_word' id='word_1_319' title='bbox 192 3353 431 3414; x_wconf 84' lang='lat' dir='ltr'><strong>vindicat,</strong></span> <span class='ocrx_word' id='word_1_320' title='bbox 477 3361 745 3406; x_wconf 83' lang='lat' dir='ltr'><strong>certatoria</strong></span> <span class='ocrx_word' id='word_1_321' title='bbox 795 3365 905 3417; x_wconf 61' lang='grc' dir='ltr'><strong>θεῖς</strong></span> <span class='ocrx_word' id='word_1_322' title='bbox 960 3360 1036 3407; x_wconf 85' lang='lat' dir='ltr'><strong>sin</strong></span> <span class='ocrx_word' id='word_1_323' title='bbox 1074 3361 1228 3418; x_wconf 90' lang='lat' dir='ltr'><strong>clam,</strong></span> <span class='ocrx_word' id='word_1_324' title='bbox 1278 3362 1500 3408; x_wconf 85' lang='lat' dir='ltr'><strong>venando</strong></span> <span class='ocrx_word' id='word_1_325' title='bbox 1538 3361 1648 3423; x_wconf 87' lang='lat' dir='ltr'><strong>quia</strong></span> <span class='ocrx_word' id='word_1_326' title='bbox 1681 3374 1860 3429; x_wconf 85' lang='lat' dir='ltr'><strong>proce-</strong></span> 
     </span>
     <span class='ocr_line' id='line_1_45' title="bbox 193 3423 1861 3499; baseline 0.003 -24"><span class='ocrx_word' id='word_1_327' title='bbox 193 3425 295 3487; x_wconf 82' lang='lat' dir='ltr'><strong>dit,</strong></span> <span class='ocrx_word' id='word_1_328' title='bbox 341 3423 646 3495; x_wconf 72' lang='grc' dir='ltr'><em>θηρευτική</em></span> <span class='ocrx_word' id='word_1_329' title='bbox 696 3432 938 3491; x_wconf 76' lang='lat' dir='ltr'><strong>quaedam</strong></span> <span class='ocrx_word' id='word_1_330' title='bbox 984 3445 1098 3481; x_wconf 87' lang='lat' dir='ltr'><strong>esse</strong></span> <span class='ocrx_word' id='word_1_331' title='bbox 1150 3431 1371 3492; x_wconf 74' lang='lat' dir='ltr'><strong>videtur,</strong></span> <span class='ocrx_word' id='word_1_332' title='bbox 1417 3430 1550 3496; x_wconf 87' lang='lat' dir='ltr'><strong>quod</strong></span> <span class='ocrx_word' id='word_1_333' title='bbox 1591 3430 1688 3499; x_wconf 82' lang='lat' dir='ltr'><strong>ipsi</strong></span> <span class='ocrx_word' id='word_1_334' title='bbox 1732 3445 1861 3481; x_wconf 90' lang='lat' dir='ltr'><strong>nunc</strong></span> 
     </span>
    </p>
   </div>
  </div>
 </body>
</html>
