2028 3750
735 185 823 238 An
862 159 1264 237 s0P111srAM.
1757 184 1827 236 2⁴1

149 327 453 380 diversitatis
502 327 562 376 ab
609 333 820 392 quatuor
872 328 1142 392 generibus
1177 327 1384 391 reliquis
1431 325 1607 390 utique
1643 324 1821 375 distin·

150 400 417 465 guendum.
508 400 796 464 Quanquam
857 401 1030 447 eadem
1081 415 1174 463 per
1221 399 1412 462 reliqua
1462 399 1624 446 omnia
1672 397 1826 446 veluti

148 473 425 528 ⁴distributa
477 476 586 531 est,
640 472 885 534 siquidem
946 470 1119 535 piures
1179 485 1262 518 res
1314 485 1559 532 uunquam
1617 467 1825 516 eaedem

150 534 270 591 esse
304 545 544 605 possunt,
591 545 648 588 ut
696 542 920 606 singulae
970 557 998 587 a
1041 540 1246 604 singulis
1286 539 1491 590 differre
1528 540 1824 589 existimau-

148 603 242 662 dae
281 613 382 662 sint
408 608 604 678 ¹(usque
642 611 702 660 ad
739 630 792 677 p.
831 609 949 659 255.
986 607 1091 676 Ε..)

290 721 385 773 His
423 725 666 787 expositis
702 723 850 772 facile
887 728 1095 788 apparet
1131 722 1194 771 de
1231 722 1447 786 quinque
1491 722 1591 772 illis
1629 723 1826 788 generi-

147 795 240 844 bus
292 797 364 844 sic
402 811 516 843 esse
554 795 886 843 statuendum.
924 795 1142 842 Motus
1181 793 1405 841 diversus
1445 809 1472 840 a
1509 799 1686 842 statu
1726 799 1823 854 est,

146 867 364 929 ideoque
409 881 530 914 non
583 870 707 926 est,
757 870 997 928 quatenus
1046 879 1141 911 non
1183 870 1261 911 est
1299 870 1479 915 status.
1554 865 1656 914 Sed
1689 866 1824 914 idem

146 942 311 986 tamen
360 943 490 996 est,
535 938 764 999 quoniam
818 937 1109 983 coniunctus
1161 940 1240 982 est
1295 949 1406 981 cum
1467 940 1597 983 ente.
1694 937 1824 985 Item

146 1013 315 1055 motus
353 1006 654 1055 diversus
695 1011 774 1054 est
796 1006 855 1052 ab
892 1005 1282 1064 identitate,
1318 1005 1532 1068 ide-»que
1567 1021 1685 1054 nou
1724 1011 1827 1055 est

145 1075 331 1126 idem.
405 1076 507 1124 Sed
543 1082 711 1125 tamen
747 1075 914 1124 idem
952 1091 1095 1124 esse
1130 1074 1421 1123 iudicandus
1459 1081 1566 1135 est,
1616 1083 1826 1142 propte-

145 1164 235 1197 rea
271 1145 401 1212 quod
439 1155 643 1196 natiuae
681 1162 799 1195 suae
836 1147 993 1194 habet
1030 1147 1355 1194 constantiam
1388 1161 1444 1193 ac
1464 1163 1665 1210 sempu·
1691 1147 1826 1196 idem

146 1223 330 1268 manet.
421 1218 519 1274 Per
573 1234 629 1267 se
665 1219 819 1281 igitur
857 1221 1114 1282 spectatus
1154 1223 1206 1264 et
1244 1217 1475 1265 absolute
1513 1220 1709 1282 posItus
1748 1222 1828 1266 est

146 1283 380 1340 ταύτόν·
439 1289 531 1338 sed
577 1288 765 1338 relatus
816 1287 877 1335 ad
921 1288 1083 1336 ideam
1130 1285 1232 1337 τοῦ
1282 1283 1489 1336 ταύτοῦ
1550 1304 1674 1336 non
1726 1293 1827 1337 est

145 1360 326 1409 idem.
400 1358 562 1408 Porro
591 1361 634 1408 si
661 1375 802 1423 quam
833 1359 1231 1407 coniunctionem
1264 1357 1474 1406 haberet
1510 1365 1674 1408 motus
1713 1375 1825 1407 cum

147 1435 310 1491 statu,
345 1445 444 1478 non
479 1430 746 1478 absurdum
785 1429 921 1477 foret
959 1429 1188 1478 stabilem
1227 1445 1337 1476 eum
1373 1430 1656 1493 appellare3
1695 1430 1827 1494 qnod

146 1506 314 1550 tamen
349 1501 461 1549 fieri
497 1517 593 1549 non
634 1516 783 1564 posse
820 1501 918 1548 iam
954 1505 1101 1548 antea
1139 1501 1531 1549 demonstratum
1569 1506 1662 1551 est.
1712 1501 1822 1548 De-

146 1572 296 1635 nique
341 1577 509 1621 motus
556 1572 727 1620 differt
775 1588 803 1619 a
849 1571 1157 1620 diversitate.
1241 1570 1398 1636 Igitur
1445 1576 1498 1619 et
1544 1587 1667 1620 non
1713 1575 1820 1621 est

148 1643 476 1700 diversus,
514 1648 754 1704 quatenus
791 1657 889 1690 noa
927 1647 1009 1690 est
1046 1641 1335 1702 diversitas,
1381 1641 1430 1690 h.
1481 1658 1524 1690 e.
1574 1646 1819 1705 quatenus

145 1712 261 1761 idea
297 1712 599 1760 diversitatis
638 1717 690 1761 et
724 1718 892 1761 motus
929 1713 1042 1761 idea
1079 1728 1173 1776 per
1210 1728 1267 1760 se
1304 1714 1435 1759 inter
1468 1713 1603 1778 ipsas
1629 1713 1819 1762 discre-

146 1789 294 1848 pant;
342 1788 395 1832 et
442 1790 549 1832 est
596 1784 934 1843 diversus,
1002 1789 1244 1847 quatenus
1306 1783 1476 1832 differt
1535 1801 1563 1832 a
1619 1783 1819 1832 diverso

146 1854 355 1917 aliisque
401 1855 686 1918 generibus.
778 1854 937 1917 Igitur
984 1859 1176 1914 motus,
1217 1852 1268 1918 a)
1306 1861 1402 1903 est
1438 1859 1502 1902 et
1536 1871 1654 1902 non
1690 1865 1818 1914 θείς

147 1922 203 1992 b)
242 1941 364 1974 non
400 1930 501 1973 est
536 1925 703 1973 idem
740 1928 793 1973 et
829 1929 931 1973 est
965 1925 1158 1985 idem3
1213 1921 1264 1993 c)
1303 1941 1423 1974 non
1461 1930 1563 1974 est
1598 1925 1817 1974 diver-

143 2011 248 2044 sus
284 2002 337 2045 et
371 2000 479 2044 est
514 1995 620 2044 dn
633 2011 844 2045 ersus
884 1990 1068 2062 (usque
1105 1996 1166 2044 ad
1203 2012 1316 2060 pag
1352 1996 1471 2046 256.
1508 1993 1612 2064 D..)

286 2093 364 2143 Ex
404 2094 485 2142 his
537 2094 860 2158 perspicuum
910 2098 1019 2155 est,
1068 2093 1119 2142 id
1157 2093 1286 2157 quod
1323 2108 1419 2141 non
1458 2098 1564 2154 est,
1614 2095 1717 2143 sive
1753 2088 1816 2145 τὸ

143 2156 220 2232 μὴ
261 2157 351 2224 ὄν,
388 2170 442 2213 et
477 2165 528 2213 in
563 2171 704 2213 motu
742 2180 858 2213 esse
895 2170 947 2213 et
982 2166 1033 2213 in
1057 2166 1239 2214 ceteris
1256 2165 1524 2228 generibus
1563 2166 1818 2215 omnibus.

145 2241 387 2299 quatenus
424 2237 553 2284 enim
591 2237 651 2284 ab
689 2236 798 2284 aliis
837 2235 1101 2296 differunt,
1147 2235 1362 2299 ideoque
1400 2251 1498 2284 non
1533 2237 1666 2284 idem
1703 2243 1820 2286 sunt

145 2312 298 2370 atque
333 2307 444 2367 illa,
481 2322 598 2355 non
634 2322 780 2355 esse
823 2308 1149 2356 existimanda
1185 2306 1317 2355 sunt.
1359 2317 1362 2323 ’
1393 2305 1512 2372 (Est
1547 2309 1676 2355 enim
1701 2308 1817 2355 Pla-

145 2377 249 2425 toni
309 2392 408 2426 non
433 2405 457 2413 -
482 2393 595 2426 esse
654 2377 765 2426 fere
823 2378 954 2427 idem
1022 2378 1150 2441 quod
1209 2379 1550 2426 communnione
1610 2379 1816 2428 alicuius

138 2448 378 2496 'attributi
421 2449 667 2514 privatum
711 2464 854 2509 esse,
902 2465 1044 2513 quam
1095 2449 1350 2517 στέρησιν
1398 2449 1665 2514 appellavit
1700 2450 1817 2498 Ari-

147 2518 390 2577 stoteles‚
435 2520 584 2567 modo
630 2519 769 2567 ilium
810 2520 1176 2568 meminerimus
1216 2520 1399 2567 mentis
1438 2521 1668 2567 notiones
1705 2525 1816 2568 tan-

147 2605 293 2652 quam
341 2589 477 2638 ideas
522 2604 696 2638 revera
750 2596 921 2638 extare
966 2585 1224 2658 voluisse).
1309 2590 1504 2639 Pariter
1540 2596 1706 2638 autem
1749 2584 1814 2640 τὸ

148 2654 212 2708 ὄν
263 2675 460 2722 quoque
508 2661 734 2708 omnibus
787 2662 1044 2744 proprium
1093 2660 1389 2742 generibus
1412 2667 1520 2720 est,
1583 2660 1815 2723 quoniam

146 2729 255 2792 ipsa
293 2734 450 2776 sunt.
525 2729 661 2793 Ergo
710 2735 762 2778 et
807 2748 870 2779 τυ
924 2725 987 2780 ὅν
1033 2736 1085 2778 et
1133 2727 1194 2779 τὸ
1242 2725 1316 2797 μὴ
1357 2723 1421 2780 ὢν
1459 2732 1684 2778 omnibus
1723 2746 1815 2778 no-

145 2799 364 2847 tionibus
411 2802 653 2849 convenit.
735 2800 862 2859 Quin
911 2801 1060 2848 etiam
1102 2801 1266 2864 ipsum
1319 2801 1451 2847 istud
1500 2817 1621 2849 uon
1670 2817 1815 2850 esse

149 2868 510 2933 quodammodo
558 2885 706 2917 esse
750 2869 848 2918 dici
884 2875 1079 2935 potest,
1119 2876 1357 2952 quatenus
1394 2872 1462 2928 id,
1501 2871 1632 2934 quod
1671 2876 1751 2919 est
1786 2888 1816 2920 a

147 2940 354 3003 reliquis
393 2940 669 3000 disemum,
706 2955 880 2987 revera
920 2945 1027 2999 est,
1066 2945 1118 2989 et
1145 2942 1362 2989 vicissim
1397 2941 1458 2989 id
1497 2941 1662 3005 quod
1701 2947 1819 3004 est,

150 3012 375 3089 quoties
404 3010 575 3058 differt
625 3012 685 3058 ab
735 3012 868 3070 aliis,
915 3011 1067 3059 toties
1104 3027 1223 3059 non
1263 3016 1373 3062 est.
1445 3013 1519 3059 lta
1554 3013 1706 3076 igitur
1741 3013 1819 3074 fit,

147 3087 206 3131 ut
243 3076 304 3131 τὸ
346 3072 410 3130 ὃν
446 3086 499 3129 et
535 3079 598 3132 τὸ
633 3074 708 3148 μὴ
735 3076 799 3130 ὄν
837 3082 1094 3130 maximam
1129 3081 1346 3130 habeant
1381 3084 1723 3147 cognationem
1763 3101 1820 3133 ac

146 3151 587 3202 necessitudinem.
658 3152 926 3200 Enimvero
962 3168 1083 3201 non
1125 3167 1276 3202 esse
1312 3169 1440 3202 nunc
1475 3170 1572 3203 nou
1610 3155 1819 3212 dicimus

149 3223 406 3282 absolute,
456 3228 514 3270 ut
560 3223 809 3286 significet
858 3222 971 3271 tolli
1017 3224 1217 3287 penitus
1264 3222 1469 3272 alicuius
1518 3227 1595 3273 rei
1628 3227 1724 3275 vim
1764 3230 1819 3272 et

149 3300 404 3354 naturam,
454 3294 546 3342 sed
593 3293 827 3352 relative,
877 3308 974 3357 quo
1021 3293 1169 3341 modo
1211 3295 1547 3359 significatur,
1594 3296 1692 3346 hoc
1738 3295 1819 3343 vel

133 3365 272 3420 „iliud
320 3379 420 3414 non
468 3363 675 3414 eandem
723 3363 916 3414 habere
965 3370 1191 3414 naturam
1238 3370 1327 3416 aut
1366 3367 1627 3431 virtutem,
1672 3382 1817 3431 quam
