2028 3750
707 219 795 272 Au
836 182 1238 299 sopms'rAlu.
1729 216 1801 267 31

129 361 230 412 trix
265 354 775 428 (αὐτοποιητικόν),
824 359 906 409 vel
940 359 1316 409 simulacrorum
1363 353 1671 423 procreatrix
1706 349 1799 420 (εὶ-

130 427 556 497 δωλυπῡιϊκόν).·
622 432 693 481 Et
739 432 854 480 huic
904 431 1100 494 quidem
1145 428 1375 492 tanquam
1424 430 1595 493 partes
1632 425 1802 474 subie-

130 508 393 561 ctaesssunt
434 499 496 553 τὸ
535 497 847 553 εὶκαστικόν
884 508 937 552 et
977 499 1040 551 τὸ
1081 494 1484 572 φανταστικόν,
1522 511 1583 545 ex
1622 496 1801 560 quibus

128 575 253 623 illud
300 573 648 623 similitudines
698 574 933 633 exbibet,
981 573 1079 621 hoc
1115 577 1281 620 autem
1316 571 1423 619 visa
1459 567 1636 619 efficit.
1707 565 1801 617 Vi-

129 660 296 695 sorum
336 636 537 693 effectio
575 660 746 693 rursus
783 644 967 709 duplex
1003 648 1098 702 est,
1137 642 1304 708 prouti
1340 645 1424 689 aut
1456 637 1802 688 instrumentis

127 721 366 774 utuntur,
422 717 504 778 qui
541 715 769 764 efficiunt
802 716 987 774 risum,
1036 718 1122 762 aut
1172 729 1229 763 se
1261 706 1414 777 ⁴ipsos
1453 716 1683 773 tanquam
1717 709 1803 758 in-

127 791 406 835 strumenta
455 786 514 834 ad
565 803 671 834 eam
722 801 829 834 rem
876 785 1128 835 exhibent.
1200 783 1458 831 Posterius
1497 782 1541 830 si
1587 781 1674 841 fit,
1722 779 1803 828 lo·

126 872 241 911 >cum
290 857 444 905 habet
477 858 717 917 imitatio,
766 871 891 919 quae
938 855 998 903 fit
1033 871 1126 920 per
1161 869 1361 913 vocem,
1411 853 1622 915 figuras,
1656 849 1801 900 habi-

128 932 263 988 tum,
301 927 410 979 alia.
482 927 696 976 Imitatio
732 941 849 975 vero
885 942 1060 974 rursus
1094 925 1276 989 duplex
1312 923 1629 972 discernitur.
1703 920 1803 971 Alii

129 999 260 1047 enim
295 998 552 1046 imitantur
585 998 662 1057 id,
705 996 835 1061 qnod
867 996 1146 1044 imitatione
1183 996 1488 1059 exprimunt,
1535 993 1666 1041 bene
1701 992 1801 1041 sci-

127 1073 302 1128 entes;
350 1069 432 1116 alii
466 1068 519 1116 id
552 1069 840 1132 ignorantes
877 1066 1086 1117 faciunt.
1159 1066 1332 1128 ltaque
1377 1064 1526 1112 facile
1562 1063 1802 1111 distinxe-

124 1141 197 1188 ris
235 1133 684 1204 ὃοξομιμητικήν,
723 1153 850 1202 quae
886 1153 998 1187 cum
1034 1136 1268 1202 opinione
1298 1135 1536 1184 scientiae
1559 1134 1800 1194 imitatur,

128 1216 182 1258 et
233 1204 515 1278 ἱστορικήν
563 1226 686 1258 τινα
728 1211 988 1274 μίμησιν,
1049 1223 1176 1272 quae
1226 1207 1491 1254 coniuncta
1538 1208 1619 1252 est
1685 1219 1801 1253 cum

105 1280 354 1341 scientia.
415 1280 502 1343 ,Et
549 1279 788 1343 Sophista
838 1278 1037 1342 quidem
1082 1294 1180 1326 non
1228 1282 1337 1325 erat
1383 1277 1515 1324 inter
1561 1275 1801 1334 scientes,

128 1352 221 1400 sed
266 1350 399 1399 inter
445 1352 712 1399 imitantes.
782 1350 878 1399 Est
930 1351 1086 1413 igitur
1112 1349 1355 1412 „opinatus
1391 1344 1625 1394 imitator.
1695 1343 1801 1393 Du—'

127 1422 247 1488 plex
295 1428 461 1470 tamen
509 1423 621 1471 talis
665 1437 779 1470 esse
817 1424 1016 1486 potest,
1066 1419 1279 1483 simplex
1329 1423 1381 1466 et
1429 1423 1667 1482 apertus,
1712 1418 1801 1465 aut

127 1492 418 1551 simulatus,
469 1508 616 1555 quum
658 1492 834 1541 callide
869 1491 1198 1555 ignorantiam
1237 1506 1375 1538 suam
1412 1488 1575 1536 celare
1616 1490 1668 1535 et
1704 1487 1800 1535 ob-

126 1570 306 1627 tegere
344 1563 528 1611 studet.
601 1563 669 1612 Et
704 1564 787 1611 hic
825 1563 1021 1626 quidem
1059 1561 1108 1608 id
1144 1577 1318 1611 rursus
1359 1559 1481 1607 facit
1515 1557 1800 1622 dupliciter.

126 1635 231 1683 Aut
280 1635 409 1681 enim
460 1633 660 1697 publice
708 1633 947 1698 populum
987 1633 1294 1696 longioribus
1330 1629 1522 1678 deludit
1559 1629 1800 1677 orationi-

127 1705 251 1765 bus,
299 1705 432 1767 quod
481 1710 559 1752 est
596 1710 848 1753 oratorum
888 1703 1199 1766 publicorum
1238 1702 1522 1767 proprinm3
1575 1703 1659 1748 aut
1693 1699 1799 1763 pri-

125 1777 274 1824 vatim
314 1775 620 1823 brevioribus
669 1775 980 1823 sermonibus
1030 1790 1147 1834 eos,
1197 1775 1280 1836 qui
1327 1788 1436 1820 cum
1486 1773 1596 1835 ipso
1634 1770 1795 1818 collo-

129 1851 362 1910 quuntur,
399 1861 461 1894 eo
488 1845 734 1910 perducit,
759 1850 812 1893 ut
833 1846 1099 1909 pugnantia
1125 1844 1294 1891 dicere
1317 1844 1587 1890 videantur.
1653 1840 1802 1902 Quod

127 1917 211 1982 qui
249 1916 395 1976 facit,
444 1916 682 1980 Sopliista
731 1921 833 1975 est,
863 1909 989 1964 vveri
1036 1915 1276 1979 sapientis
1312 1915 1562 1972 imitator,
1615 1912 1802 1975 quippe

127 1989 334 2037 scientia
369 2000 539 2035 rerum
575 1992 627 2035 et
665 1987 950 2051 cognitione
988 1986 1278 2037 destitutuS.
1316 1981 1403 2053 (--
1446 2001 1496 2049 p.
1532 1983 1656 2033 268.
1694 1978 1803 2049 D.).

266 2099 347 2148 En
381 2099 539 2146 habes
576 2115 815 2147 summam
853 2099 1229 2166 disputationis,
1277 2113 1405 2162 quae
1451 2097 1502 2145 in
1538 2095 1667 2143 libro
1705 2093 1802 2142 So—

126 2169 326 2235 phistae
387 2170 584 2217 nomine
626 2170 871 2233 inscripto
920 2171 1281 2234 comprehensa
1333 2171 1426 2216 est.
1508 2167 1668 2227 Quam
1712 2165 1796 2229 qui

127 2241 207 2289 vel
254 2241 433 2288 leviter
481 2241 938 2302 consideraverint,
983 2242 1018 2289 ii
1066 2240 1204 2289 facili
1251 2239 1456 2302 negotio
1509 2237 1798 2285 discernent

126 2310 247 2360 duas
295 2312 401 2359 eius
449 2317 634 2375 partes.
706 2312 975 2374 Quaeritur
1020 2313 1150 2360 enim
1202 2312 1266 2359 de
1312 2309 1482 2358 indole
1528 2323 1586 2356 ac
1619 2312 1798 2355 natura

127 2382 425 2446 Sophistae:
475 2383 730 2444 quaeritur
781 2384 905 2431 item
941 2384 1004 2432 de
1039 2383 1375 2436 Eleaticorum
1416 2385 1469 2428 et
1504 2378 1797 2441 Megarico—

127 2469 238 2501 rum
275 2453 513 2501 doctrina.
586 2454 724 2515 Quae
761 2455 958 2515 quidem
998 2459 1167 2516 partes
1190 2468 1400 2515 quoimm
1435 2450 1630 2498 vinculo
1665 2449 1798 2498 inter

126 2525 261 2588 ipsas
299 2538 552 2571 connexae
601 2524 963 2588 colligataeque
999 2526 1123 2585 sint,
1169 2540 1229 2572 eo
1271 2524 1425 2586 inagis
1461 2521 1798 2583 quaerendum

129 2600 259 2656 est,
286 2609 384 2654 quo
435 2595 590 2657 magis
630 2597 816 2658 poterit
849 2596 1033 2658 ambigi
1068 2612 1124 2643 ac
1162 2595 1404 2653 dubitari,
1452 2598 1565 2639 utra
1609 2592 1797 2654 potior,

127 2669 240 2712 utra
285 2664 442 2710 levior
489 2664 714 2712 habenda
762 2667 847 2716 sit.
933 2666 1058 2714 Nam
1104 2681 1253 2727 quum
1300 2666 1363 2712 de
1408 2662 1647 2726 Sophista
1694 2665 1796 2708 tam

126 2734 331 2797 copiose
390 2739 594 2794 tamque
641 2740 817 2798 argute
865 2741 918 2783 et
979 2737 1232 2784 subtiliter
1277 2735 1588 2796 disputetur,
1650 2730 1798 2777 facile

127 2804 304 2865 aliquis
357 2803 407 2851 in
456 2820 563 2851 eam
612 2805 842 2853 deveniat
876 2805 1187 2869 opinionem,
1236 2809 1290 2852 ut
1327 2818 1454 2864 «ulae
1490 2802 1553 2850 de
1590 2807 1706 2848 ente
1744 2804 1798 2848 et

126 2878 395 2923 non-ente
433 2874 772 2934 disseruntur,
817 2875 1013 2922 illorum
1060 2875 1466 2923 illustrandorum
1511 2872 1669 2934 gratia
1708 2870 1795 2918 ad-

126 2947 258 2994 iecta
293 2959 410 2991 esse
448 2945 726 3002 existimet,
771 2946 1068 3008 praesertim
1117 2962 1264 3007 quum
1315 2944 1374 2991 ad
1424 2958 1532 2990 eam
1570 2957 1696 3003 quae
1732 2942 1793 2990 ab

125 3016 266 3064 initio
304 3016 554 3062 sermonis·
585 3021 819 3077 suscepta
856 3021 933 3062 est
969 3015 1236 3082 disputatio
1275 3015 1337 3062 de
1377 3014 1640 3075 Sophista,
1680 3028 1796 3060 exe-

125 3094 246 3135 unte
271 3085 518 3146 colloquio
544 3100 715 3132 rursus
752 3087 999 3134 redeatur.
1075 3086 1174 3135 Sed
1213 3087 1308 3134 liae
1342 3085 1564 3145 aliaeque
1601 3079 1794 3131 dubita-

126 3159 290 3206 tiones
327 3171 423 3217 quo
463 3156 698 3206 tollantur
734 3156 957 3217 facilius,
995 3172 1089 3223 age
1127 3158 1318 3222 singula
1356 3155 1673 3219 exploremus
1711 3169 1793 3202 ac-

125 3228 361 3277 curatius.

268 3324 529 3373 Ordiamur
572 3323 630 3371 ab
668 3323 872 3388 hospite
909 3325 1135 3373 Eleatico
1173 3322 1551 3373 considerando.
1623 3322 1690 3371 Et
1713 3322 1794 3367 hic

127 3396 325 3460 quidem
361 3394 481 3445 illud
519 3400 597 3443 est
634 3394 1006 3457 observandum,
1043 3396 1331 3458 loquentem
1368 3394 1534 3443 induci
1569 3393 1793 3442 Ele-atam
