2028 3750
495 1192 1352 1255 PROLEGOMENA

891 1334 969 1375 An

345 1443 844 1512 ‚PLATONIS
906 1440 1516 1505 SoPmSTAM.

96 1732 287 1800 Quem
321 1734 468 1783 Plato
515 1734 718 1783 nomine
753 1731 1028 1798 Sophistae
1072 1725 1371 1797 inscriptum
1420 1727 1578 1781 edidit
1613 1727 1771 1779 dialo-

94 1821 242 1870 gum,
306 1823 418 1854 eum
479 1806 590 1870 ipse
646 1804 943 1870 significavit
994 1818 1105 1851 cum
1159 1802 1445 1852 Theaeteto
1495 1799 1773 1849 cohaerere

94 1878 389 1944 arctissime.
457 1876 606 1924 Fecit
640 1872 774 1924 enim
812 1890 926 1923 eum
964 1888 1265 1935 sermonem,
1288 1873 1389 1937 xqui
1422 1873 1474 1920 in
1508 1870 1607 1918 hoc
1640 1869 1772 1918 libro

93 1955 347 2007 narratur,
392 1947 615 1995 habitum
665 1945 911 2011 postridie
956 1960 1102 2008 quam
1152 1944 1234 2008 qui
1269 1944 1323 1993 ln
1358 1942 1645 1992 Theaeteto
1679 1939 1772 1988 ha-

91 2019 267 2078 betur,
303 2017 354 2065 id
391 2019 526 2081 quod
565 2033 628 2069 ex
662 2015 775 2081 ipso
804 2017 911 2064 eius
940 2010 1083 2064 initio
1118 2013 1426 2077 intelligitur.
1499 2011 1773 2065 Praeterea

94 2090 243 2139 etiam
282 2089 489 2140 eosdem
522 2088 751 2142 homines
787 2087 863 2135 illi
884 2087 1138 2137 iuteresse
1172 2085 1336 2144 iussit,
1373 2083 1459 2156 qui
1494 2084 1546 2133 in
1569 2080 1772 2131 Theae-

94 2165 205 2208 teto
234 2161 500 2225 loquentes
534 2159 865 2213 inducunturz
903 2155 1046 2214 adest
1082 2156 1214 2209 euim
1247 2170 1424 2204 rursus
1454 2152 1772 2203 Theaetetus

93 2232 212 2291 ille,
270 2230 514 2294 praeclari
572 2229 760 2293 ingenii
805 2227 1128 2287 adolescens,
1185 2225 1271 2289 qul
1316 2225 1400 2274 hic
1447 2239 1648 2291 quoque
1692 2223 1771 2277 in-

96 2303 262 2366 signes
309 2302 464 2350 habet
508 2299 786 2355 disserendi
832 2306 1035 2366 partes3
1091 2298 1237 2346 adest
1293 2296 1419 2346 item
1464 2293 1771 2345 Theodorus

98 2372 431 2436 Cyrenaicus,
457 2371 751 2420 ‘Theaeteti
794 2370 1034 2433 magister
1067 2384 1126 2418 ac
1161 2366 1447 2426 famifiaris3
1498 2364 1644 2414 adest
1680 2364 1770 2413 de-

95 2439 245 2507 nique
282 2444 431 2498 ctiam
469 2442 739 2502 Socrates,
783 2449 1061 2504 quanquam
1095 2441 1139 2488 is
1173 2454 1273 2487 non
1309 2439 1407 2487 iam
1434 2433 1772 2503 'principalem

96 2515 311 2563 sustinet
349 2514 677 2577 disputatoris
715 2527 997 2577 personam,
1035 2510 1124 2562 sed
1160 2514 1354 2562 tantum
1389 2509 1450 2558 ab
1481 2508 1626 2561 initio
1663 2507 1770 2556 dia-

97 2586 197 2647 logi
222 2585 454 2637 nonnulla
479 2584 615 2642 dicit,
653 2585 831 2653 quibus
868 2588 1037 2634 tamen
1057 2581 1282 2630 efficitur·
1307 2579 1423 2640 hoc,
1459 2583 1516 2628 ut
1552 2591 1667 2626 mox
1702 2577 1770 2626 de

96 2658 250 2703 rebus
299 2656 429 2703 scitu
476 2655 779 2717 dignissimis
835 2652 1084 2717 longeque
1131 2651 1430 2716 gravissimis
1478 2650 1769 2705 instituatur

99 2726 385 2787 disputatio.
457 2724 648 2784 Quibus
697 2722 895 2789 quidem
941 2718 1098 2779 rebus,
1144 2721 1462 2770 manifestum
1497 2724 1578 2771 est
1613 2718 1768 2781 signi«

99 2795 238 2842 ficari
287 2812 315 2842 a
355 2793 659 2858 philosopho
709 2794 1012 2856 singularem
1059 2792 1296 2856 quandam
1335 2790 1608 2855 Sophistae
1652 2803 1768 2838 cum

99 2866 382 2916 Theaeteto
460 2864 854 2912 coniunctionem
928 2879 986 2916 ao
1057 2862 1492 2912 necessitudinem.
1597 2861 1769 2924 Atque

102 2938 277 2985 eadem
326 2930 475 2986 etia'm
525 2935 578 2990 iu
620 2933 904 2989 Theaeteto
955 2933 1289 2998 significatur,
1344 2932 1591 2995 siquidem
1643 2943 1765 2993 pro,

102 3009 315 3055 oemium
360 3000 474 3056 libri
511 3011 565 3055 et
609 3005 750 3053 locus
796 3004 883 3053 ille
927 3020 976 3068 p.
1029 3004 1143 3052 183.
1190 3002 1238 3051 Ε
1299 3018 1407 3067 sqq.
1449 3016 1548 3051 nou
1591 3001 1767 3063 inepte

101 3079 200 3128 huc
236 3076 461 3127 revocari
497 3082 727 3140 potsunt.
787 3075 895 3124 Nec
932 3089 1052 3127 vero
1091 3070 1357 3129 obscurum
1393 3077 1489 3133 est,
1524 3087 1614 3120 cur
1648 3070 1764 3136 phi·-

103 3150 346 3214 losophus
399 3149 661 3214 utriusque
719 3146 837 3194 libri
898 3160 1078 3199 nexum
1133 3149 1189 3199 et
1240 3141 1609 3198 cohaerentiam⁴
1661 3142 1765 3191 isto

102 3221 252 3269 modo
289 3219 593 3268 indicaverit.
664 3217 831 3269 Habet
866 3218 996 3266 enim
1038 3214 1271 3282 profecto
1306 3213 1575 3277 Sophistae
1611 3209 1762 3276 argu-

103 3297 323 3341 mentum
369 3305 480 3338 cum
526 3289 678 3337 rebus
726 3289 777 3336 in
826 3288 1113 3339 Theaeteto
1162 3286 1419 3352 explicatis
1459 3290 1608 3350 atque
1647 3283 1761 3335 illu-

106 3363 276 3410 stratis
313 3377 420 3408 eam
458 3359 885 3420 coniunctionem,
934 3365 991 3407 ut
1033 3373 1157 3424 quae
1203 3358 1255 3413 iu
1301 3356 1461 3408 altero
1508 3356 1638 3405 libro
1684 3355 1762 3403 in-

108 3433 288 3482 choata
339 3437 419 3481 est
477 3431 782 3497 disputatio,
842 3447 900 3481 ea
953 3432 1003 3481 in
1060 3429 1221 3480 altero
1278 3426 1556 3479 continuari
1613 3431 1763 3490 atque.
