2028 3750
607 208 610 209 ⁷
666 205 755 260 An
793 204 1297 258 THEAETETUM.
1504 178 1505 187 ’
1755 206 1826 257 29

151 352 494 415 ειίηςιιειηῐιιτ,
531 345 725 395 notitia.
797 345 990 397 Deinde
1025 349 1296 398 absurdum
1334 345 1618 398 est‘dicere
1657 353 1710 398 et
1745 349 1828 397 af·-

151 425 370 481 firmare,
408 419 670 473 scientiam
713 433 828 465 esse
862 426 1052 469 rectam
1087 422 1372 486 opinionem
1397 435 1509 467 cum
1535 420 1828 469 definitione

147 496 481 563 coniunctam.
554 489 679 537 Nam
726 489 950 540 delinitio
1000 507 1060 540 eo
1110 492 1363 556 pertinet,
1405 495 1464 539 ut
1501 492 1608 554 quis
1644 492 1830 540 habeat

153 567 230 616 rei
267 563 541 613 scientiam.
624 560 795 623 Itaque
842 563 883 610 si
935 564 1043 626 quis
1082 563 1262 611 dixerit
1298 563 1554 613 scientiam
1593 579 1708 611 esse
1743 579 1828 610 re-

154 643 287 686 ctam
323 635 609 700 opinionem
651 632 927 681 definitioni
963 634 1195 693 iunctam,
1234 634 1358 682 nihil
1394 633 1530 682 aliud
1565 634 1699 682 dicet
1733 635 1831 683 nisi

154 708 279 767 lucc,
318 705 578 754 scientiam
614 719 729 751 esse
764 710 954 752 rectam
1005 706 1290 768 opinionem
1322 707 1539 753 iunctam
1572 706 1830 764 scientiae,

155 794 256 842 quo
307 777 424 826 nihil
476 790 595 823 sane
640 773 950 833 illustratum
984 775 1117 823 idem
1153 777 1281 824 enim
1321 792 1415 841 per
1449 775 1583 825 idem
1619 777 1829 842 exponi-

155 856 256 899 tur
277 864 333 896 ac
370 809 963 904 definit11r3P.2os.(’3
999 874 1067 880 —
1105 847 1223 895 21⁰.
1257 847 1317 893 Β.

298 943 535 1008 Explosis
583 943 668 990 his‘
714 942 1111 992 definitionibus,
1143 943 1380 993 Socrates
1428 945 1525 993 sibi
1559 945 1655 994 iam
1691 950 1832 995 tem-

155 1034 251 1084 pus
288 1015 348 1064 ad
387 1013 784 1080 persequendam
825 1015 1211 1079 disputationem
1246 1030 1400 1081 porr-o
1437 1022 1716 1080 suppetere
1738 1033 1829 1065 ne-

155 1098 269 1152 gat:
317 1102 499 1150 urgere
547 1086 675 1134 euim
725 1084 975 1147 iudicium,
1026 1087 1078 1135 in
1116 1103 1214 1151 quo
1263 1087 1357 1135 sibi
1394 1097 1606 1151 propter
1643 1087 1846 1136 Melet?

155 1160 523 1208 accusationem
546 1157 954 1220 comparendum
1004 1159 1083 1206 sit
1170 1158 1341 1221 ltaque
1400 1158 1542 1206 finito
1595 1174 1828 1207 sermone

155 1233 342 1279 amicos
391 1234 562 1292 rogat,
610 1234 666 1276 ut
715 1228 960 1292 postridie
1008 1229 1069 1277 ad
1107 1230 1491 1280 continuandum
1530 1230 1832 1294 colloquium

153 1302 322 1351 redire
357 1301 538 1360 velint3
576 1299 629 1349 P.
665 1299 782 1347 210.
822 1300 892 1352 C„
917 1299 975 1351 D.

292 1399 574 1448 Retulimus
612 1399 831 1446 breviter
869 1397 1141 1447 Theaeteti
1175 1398 1421 1448 Platonici
1464 1404 1830 1465 argumentum.
1867 1443 1869 1445 ,

152 1472 265 1535 Quo
312 1473 424 1536 ipso
477 1470 820 1518 confirmatum
865 1486 978 1518 esse
1019 1479 1248 1534 putamus
1288 1472 1421 1534 quod
1455 1487 1607 1536 supra
1643 1472 1706 1520 de
1740 1468 1830 1520 to·-

152 1544 253 1592 tius
291 1542 406 1591 libri
443 1541 705 1606 proposito
744 1540 1079 1592 iudicavimus,
1151 1541 1274 1590 Nam
1312 1543 1493 1590 clarius
1521 1544 1828 1593 etiamnunc

151 1619 390 1680 apparet,
427 1614 476 1661 id
513 1614 563 1661 in
606 1628 666 1660 eo
705 1612 784 1675 agi
819 1629 847 1660 a
886 1613 1124 1673 Platone,
1169 1621 1227 1661 ut
1272 1630 1507 1662 sensuum
1540 1615 1829 1680 perceptio-

150 1701 246 1741 nes
301 1700 396 1751 per
461 1699 517 1733 se
567 1685 807 1732 doceatur
862 1684 996 1732 nullo
1044 1684 1192 1733 modo
1241 1685 1304 1735 ad
1345 1702 1513 1734 veram
1567 1685 1828 1742 scientiam

151 1757 530 1821 comparandam
567 1755 732 1802 valere
771 1769 827 1803 ac
855 1771 918 1802 ne
957 1764 1059 1803 tum
1100 1755 1299 1819 quidem
1336 1756 1396 1806 ad
1433 1772 1543 1805 eam
1560 1758 1828 1822 prodesse,

151 1829 197 1876 si
234 1835 346 1875 cum
382 1831 521 1874 recta
558 1826 791 1889 opinione
827 1831 976 1889 atque
1008 1825 1308 1876 definitionis
1348 1828 1679 1892 explicatione
1701 1844 1826 1876 con-

149 1899 351 1947 iunctae
402 1897 515 1945 sint.
599 1897 746 1958 Quod
803 1897 900 1944 etsi
937 1896 1080 1945 Plato
1118 1898 1190 1945 sic
1227 1898 1611 1959 demonstravit,
1643 1905 1700 1947 ut
1737 1899 1827 1947 ad-

149 1969 485 2017 versariorum
530 1968 791 2030 opiniones
836 1984 1061 2031 magnam
1110 1974 1304 2030 partem
1351 1970 1625 2018 dialecticis
1682 1970 1824 2032 tricis

153 2046 207 2089 et
255 2039 464 2104 argutiis
520 2039 754 2097 diluerit,
799 2039 986 2103 quippe
1036 2033 1214 2102 qssihns
1255 2039 1327 2087 illi
1383 2041 1480 2105 ipsi
1526 2042 1826 2100 utebantur;

151 2116 319 2160 tamen
356 2109 571 2158 dubitari
604 2125 702 2157 non
739 2116 927 2172 potest,
967 2111 1083 2173 quin
1120 2111 1200 2158 vel
1235 2112 1306 2159 sic
1342 2110 1472 2174 quod
1498 2112 1681 2160 eierat
1705 2127 1826 2176 pro·-

152 2183 372 2248 positum
419 2180 714 2230 felicissime
761 2182 827 2228 sit
875 2187 1188 2244 assequutus.
1271 2182 1398 2231 Nam
1454 2182 1578 2231 illud
1625 2183 1825 2247 quidem

152 2253 359 2336 utique
365 2251 551 2300 clarum
590 2267 646 2300 ac
683 2251 1002 2316 perspicuum
1036 2254 1268 2301 romnibus
1307 2269 1420 2302 esse
1459 2254 1639 2313 debet,
1677 2270 1826 2319 sepa-

153 2325 345 2391 ravisse
382 2339 516 2371 eum
531 2324 909 2388 perceptionem
948 2340 1182 2372 sensuum
1219 2340 1416 2374 omnem
1453 2325 1512 2374 ab
1540 2340 1600 2373 ea
1618 2325 1827 2385 ditione,

117 2409 251 2459 (qua
300 2394 511 2443 scientia
564 2398 618 2444 et
665 2394 887 2459 cognitio
922 2396 1177 2457 veritatis,
1217 2412 1342 2460 quae
1376 2402 1519 2469 recte
1554 2396 1829 2457 diceretur,

151 2466 343 2516 inclusa
376 2469 530 2516 esset.

293 2550 576 2600 Institutam
627 2551 969 2615 quaestionem
1005 2552 1055 2601 in
1093 2532 1384 2620 quibusnam
1417 2552 1560 2603 libris
1598 2554 1826 2620 philoso-

154 2620 287 2689 phus
324 2623 684 2672 continuaverit
719 2628 772 2671 et
808 2623 1110 2687 expleverit,
1148 2631 1295 2672 antea
1330 2623 1516 2674 dictum
1550 2631 1647 2674 est.
1718 2624 1828 2672 Re·-

153 2698 257 2743 stat
290 2697 350 2742 ut
385 2694 557 2759 paucis
597 2693 960 2758 significemus,
999 2695 1174 2758 quibus
1211 2694 1571 2760 scriptionibus
1602 2696 1649 2743 ei
1685 2695 1828 2759 quasi

136 2760 461 2828 'praelusisse
497 2763 734 2813 videatur.
807 2765 1052 2815 Videmur
1074 2770 1364 2814 autemnon
1401 2782 1606 2830 prorsus
1642 2782 1670 2813 a
1705 2780 1827 2813 vero

152 2835 406 2894 aberrare,
443 2833 729 2893 Menonem,
765 2834 1116 2899 Protagoram,
1156 2836 1411 2899 Gorgiam,
1447 2824 1825 2901 Euthydemum

157 2910 211 2953 et
248 2900 504 2968 Cratylum
539 2903 638 2951 huc
672 2904 972 2953 referentes
1046 2906 1247 2970 Quippe
1291 2907 1350 2953 ab
1400 2906 1507 2955 eius
1557 2906 1659 2956 loci
1703 2923 1825 2973 per-

156 2976 503 3038 vestigatione
548 2975 632 3037 qui
670 2979 751 3021 est
787 2976 850 3022 de
875 2976 1071 3023 virtutis
1110 2974 1333 3023 doc-nina
1371 2980 1422 3024 et
1443 2978 1669 3038 scientia,
1706 2978 1826 3043 phi-

153 3042 421 3110 losophum
458 3050 686 3108 putamus
724 3046 1031 3109 pedetentim
1068 3047 1341 3094 accessisse
1375 3042 1434 3096 ad
1471 3049 1822 3112 exquirendam

114 3148 117 3149 ν
155 3118 315 3182 ipsius
364 3116 602 3164 scientiae
642 3122 891 3176 naturam3
940 3117 1071 3179 quod
1119 3133 1179 3164 eo
1225 3119 1379 3190 magis
1415 3119 1486 3167 ita
1520 3118 1692 3169 facere
1727 3135 1821 3185 po-

156 3187 282 3249 tuit,
319 3187 432 3251 quia
469 3187 514 3234 ei
551 3186 698 3246 etiam
735 3187 786 3235 in
822 3187 906 3235 illa
941 3203 998 3235 re
1035 3187 1306 3236 tractanda
1326 3190 1536 3238 maxime
1563 3207 1675 3240 cum
1694 3191 1820 3239 Pro-

155 3258 376 3322 tagoreis
414 3261 465 3305 et
492 3255 794 3306 Heracliteis
829 3269 911 3307 res
949 3257 1061 3318 tuit,
1098 3259 1323 3322 adeoque
1358 3261 1646 3327 attingenda
1666 3277 1819 3327 quae-

156 3329 254 3378 stio
292 3327 354 3376 de
391 3329 627 3377 scientiae
661 3334 861 3389 natura,
898 3334 954 3377 ut
988 3330 1037 3377 in
1073 3345 1168 3393 qua
1201 3331 1436 3381 virtutem
1482 3334 1691 3383 maxime
1724 3349 1819 3397 po-

156 3401 301 3452 sitam
338 3416 451 3451 esse
497 3416 526 3449 a
570 3398 778 3452 Socrate
831 3401 1126 3466 accepisset.
1196 3400 1460 3468 Longioris
1494 3408 1661 3456 tamen
1691 3403 1818 3455 haec
