2028 3750
291 252 363 302 20
868 226 1388 307 PROLEGOMENA
1415 262 1418 264 v

296 408 477 459 sapere
523 393 780 451 ridentur,
831 395 996 439 tamen
1045 403 1220 436 revera
1262 389 1545 455 insipiunt,
1610 393 1854 456 siquidem
1903 396 1965 446 iis

293 467 519 537 ignotum
555 471 635 513 est
670 463 750 522 id
789 462 918 525 quod
956 459 1139 508 nemini
1173 460 1395 522 ignotum
1434 479 1549 511 esse
1586 465 1783 534 debeat.
1855 467 1968 517 Non

296 539 426 587 enim
464 538 626 585 sciunt
672 548 836 596 neque
883 531 1093 578 credunt
1137 530 1427 581 iniustitiam
1484 536 1715 584 maximas
1767 554 1967 586 manere

295 625 516 674 poenas,
554 605 766 668 ideoque
791 603 952 666 longe
987 600 1317 651 intelicissimi
1353 609 1484 654 sunt
1557 606 1656 653 Sed
1693 608 1777 656 isti
1816 626 1965 671 quum

295 676 664 744 philosophiam
712 674 1087 739 reprehendere
1136 678 1190 720 et
1240 690 1475 722 accusare
1529 677 1748 737 soleant,
1799 685 1967 729 tamen

293 750 379 797 ubi
415 749 539 811 ipsis
576 746 726 794 huius
765 746 1008 810 opiiiiouis
1049 759 1167 792 stine
1204 745 1456 793 reddenda
1490 749 1618 795 ratio
1665 757 1771 808 est,
1809 753 1968 799 omnis

294 834 383 866 eos
435 819 607 867 deficit
654 817 938 880 eloquentia
983 831 1039 863 ac
1083 831 1242 878 paene
1288 817 1553 883 pueriliter
1602 813 1850 869 balbutire
1885 839 1968 870 so-

294 890 429 949 lent3
466 889 521 938 P.
561 888 680 963 172.
717 888 773 936 C.
812 914 876 925 —-
917 887 1034 938 177.
1072 886 1129 939 B.

434 1030 572 1097 Haec
606 1030 759 1094 igitur
795 1027 1030 1076 Socrates
1066 1027 1220 1077 veluti
1255 1029 1306 1077 in
1341 1034 1630 1078 transcursu
1668 1037 1721 1080 et
1753 1046 1861 1097 per*
1882 1047 1968 1082 oc—

246 1117 251 1120 ’
294 1102 542 1151 casionem
580 1101 643 1148 de
678 1101 808 1148 vitae
846 1100 1006 1159 civilis!
1039 1105 1091 1147 et
1129 1100 1459 1165 philosophae
1490 1102 1801 1151 discrimine:
1844 1121 1969 1167 quae

292 1189 529 1237 quorsum
569 1171 792 1231 tendant,
829 1171 925 1220 iam
960 1176 1105 1219 antea
1132 1173 1466 1236 exposuimus.
1539 1173 1802 1225 Per-tinent
1839 1177 1969 1223 euim

295 1261 386 1304 eo,
437 1250 493 1293 ut
541 1244 760 1303 convicia
809 1257 980 1291 eorum
1032 1242 1355 1302 rcl'c·llautui‚
1406 1243 1488 1306 qui
1528 1260 1679 1307 quum
1710 1245 1833 1292 alios
1872 1243 1969 1295 So·-

292 1315 509 1364 craticos
559 1320 664 1363 tum
708 1314 918 1362 maxime
966 1313 1227 1361 Platonem
1274 1315 1670 1378 vituperasse-nt,
1718 1317 1850 1380 quod
1885 1333 1969 1365 re-

292 1388 410 1435 licta
444 1386 702 1451 republica
739 1400 853 1434 sese
891 1384 1278 1449 philosophandi
1299 1387 1402 1434 otio
1427 1385 1545 1434 dare
1571 1377 1971 1442 constituissent.

294 1459 582 1521 Quanquam
633 1472 692 1505 ea
741 1471 852 1505 cum
882 1455 1094 1520 reliquo
1142 1456 1493 1520 disputationis
1538 1464 1834 1522 argumento
1869 1461 1969 1508 uti-

294 1545 392 1592 que
445 1530 731 1577 cohaerent.
810 1527 1016 1574 Delatus
1066 1528 1195 1575 enim
1243 1527 1478 1576 Socrates
1526 1529 1578 1576 in
1627 1529 1761 1577 hunc
1805 1529 1972 1579 locum

294 1616 357 1664 eo
407 1606 547 1660 erat,
597 1599 732 1663 quod
762 1599 1083 1646 ,meminerat
1148 1614 1349 1659 eorum,
1412 1599 1492 1662 qui
1559 1601 1722 1648 omnia
1768 1601 1969 1652 aliunde

293 1687 541 1736 suspensa
578 1686 709 1729 esse,
751 1669 875 1718 nihil
912 1685 1006 1734 per
1034 1685 1089 1717 se
1115 1675 1347 1718 constare
1383 1671 1610 1719 arbitrati
1634 1677 1799 1720 tamen
1844 1673 1969 1722 illud
2002 1713 2028 1722 ,.

291 1750 433 1791 certe
467 1757 566 1790 non
603 1741 843 1790 auderent
878 1740 1161 1801 affirmare,
1223 1755 1309 1799 ea,
1367 1756 1492 1803 quae
1528 1742 1709 1790 civitas·
1736 1748 1968 1807 tanquam

263 1814 431 1862 sutilia
479 1813 819 1871 constituerit,
874 1813 1024 1859 etiam
1071 1825 1248 1860 revera
1281 1811 1379 1877 ipsi
1415 1811 1530 1860 fore
1565 1813 1722 1864 utilia.
1795 1813 1968 1879 ltaque

289 1884 388 1933 hoc
427 1884 654 1948 episodio
692 1882 838 1931 simul
870 1881 1208 1947 significatur,
1254 1886 1491 1945 quantum
1539 1883 1599 1931 ab
1645 1884 1740 1932 hac
1775 1885 1968 1935 incerta

289 1962 342 2004 et
389 1955 664 2004 fluctuante
712 1953 947 2003 utilitatis
994 1954 1190 2002 ratione
1238 1954 1494 2018 discrepet
1542 1969 1692 2002 verae
1739 1955 1966 2020 philoso-

287 2027 440 2091 phiae
487 2025 776 2091 disciplina,
821 2041 949 2088 quae
993 2025 1180 2079 iustum
1225 2028 1278 2072 et
1321 2024 1585 2073 honestum
1633 2029 1862 2089 tanquam
1913 2031 1962 2076 iu

279 2112 346 2146 se
391 2097 672 2146 absolutum
721 2096 854 2161 apud
895 2097 1062 2160 ipsum
1111 2095 1273 2143 Deum
1322 2095 1656 2158 quaerendum
1706 2113 1822 2144 esse
1871 2099 1963 2146 do-

286 2174 416 2218 ceati
487 2167 858 2231 persequamur
892 2181 1014 2229 ergo
1050 2181 1178 2214 nunc
1209 2180 1320 2213 cum
1356 2166 1470 2230 ipso
1511 2166 1722 2215 Socrate
1756 2159 1974 2219 inchoa-f

286 2243 398 2287 tam·
434 2238 582 2287 huius
627 2239 703 2287 rei
755 2237 1157 2303 disputationem.
1252 2235 1299 2285 Is
1344 2237 1498 2304 igitur
1539 2238 1657 2288 inde
1693 2253 1720 2288 a
1755 2255 1806 2305 p.
1843 2239 1960 2294 ΠΒ.

285 2310 344 2359 Α.
381 2309 515 2359 hunc
549 2311 600 2359 in
636 2309 837 2360 modum
873 2309 1124 2373 disserere
1159 2307 1344 2373 pergit.

422 2449 693 2512 Fatentur,
741 2450 932 2516 inquit,
979 2450 1065 2498 isti
1109 2448 1337 2499 homines
1385 2448 1550 2510 ultro,
1596 2449 1846 2498 civitatem
1892 2446 1958 2497 de

282 2522 502 2573 utilitate
546 2539 717 2572 rerum
768 2523 828 2571 ab
865 2522 975 2586 ipsa
1012 2521 1310 2570 sancitarum
1346 2534 1444 2569 non
1482 2536 1635 2584 posse
1671 2527 1815 2569 certo
1851 2523 1956 2569 sta-

280 2599 443 2645 tuere.
518 2595 683 2659 Atque
717 2594 770 2643 id
804 2608 981 2641 revera
1015 2593 1089 2640 sic
1128 2607 1186 2641 se
1221 2591 1412 2639 habere
1469 2592 1648 2639 clarius
1687 2593 1836 2640 etiam
1893 2607 1955 2640 ex

280 2667 488 2714 notione
525 2666 666 2727 eius,
704 2663 838 2730 quod
873 2663 1000 2712 utile
1035 2664 1299 2722 meamne,
1336 2661 1548 2724 intelligi
1584 2667 1757 2726 potest
1829 2661 1956 2711 Nam

278 2735 520 2801 quidquid
564 2737 691 2786 utile
737 2740 843 2796 est,
889 2735 942 2783 id
977 2734 1201 2797 pertinet
1234 2734 1446 2781 maxime
1482 2733 1543 2780 ad
1584 2733 1828 2797 temporis
1866 2732 1955 2781 fu-

278 2808 381 2856 turi
418 2809 693 2860 rationesf
729 2807 862 2869 Quas
898 2807 1035 2869 ipsas
1071 2805 1223 2853 etiam
1258 2802 1545 2869 respublica
1584 2804 1635 2851 iu
1676 2803 1954 2852 scribendis

278 2879 660 2944 sanciendisque
699 2877 896 2943 legibus
939 2876 1162 2941 respicit.
1246 2875 1326 2923 Ex
1363 2890 1460 2939 quo
1509 2889 1819 2940 consequens
1855 2880 1952 2934 est,

275 2954 360 3006 ut,
385 2952 440 3000 ,si
473 2951 626 3000 homo
660 2965 831 2999 rerum
867 2948 1084 2996 omnium
1119 2948 1353 2996 mensura
1389 2947 1479 3006 sit,
1516 2945 1647 2994 idem
1685 2947 1835 2995 etiam
1870 2945 1950 2993 fu-

274 3020 377 3066 turi
413 3023 657 3086 temporis
693 3020 932 3071 metiatur
966 3019 1209 3069 rationes.
1279 3017 1377 3065 Hic
1408 3031 1527 3065 τωο
1565 3016 1713 3064 facile
1742 3022 1823 3066 est:
1847 3017 1950 3063 ani-

275 3088 586 3162 madum-tere
638 3097 693 3141 et
744 3094 1076 3151 observare,
1092 3105 1236 3149 eum,
1284 3088 1367 3151 qui
1401 3104 1570 3136 rerum
1606 3102 1748 3135 usum
1789 3086 1948 3134 colle-

264 3147 435 3221 penit,
491 3162 738 3224 imperitis
803 3162 962 3212 multo
1006 3161 1193 3210 rectius
1247 3158 1482 3208 iudicare.
1576 3155 1723 3219 Quod
1781 3158 1947 3221 ipsum

273 3231 440 3281 etiam
462 3227 768 3296 Protagorae
805 3233 1034 3298 exemplo
1073 3231 1406 3282 confirmatur
1476 3228 1524 3276 Is
1563 3229 1691 3277 enim
1729 3243 1845 3276 sese
1882 3230 1947 3277 de

272 3298 453 3365 eventu
507 3304 784 3351 orationum
821 3304 1121 3353 iudicialium
1159 3300 1336 3349 melius
1374 3300 1559 3347 ceteris
1597 3299 1822 3348 omnibus
1862 3300 1946 3348 iu-

273 3372 440 3427 dicare
490 3390 641 3436 posse
691 3373 953 3438 professus
994 3381 1089 3434 est,
1121 3373 1278 3435 ⁴idque
1315 3371 1363 3418 ei
1399 3371 1645 3419 creditum
1682 3386 1799 3420 ease
1834 3385 1944 3419 ina·-

268 3458 394 3507 guus
428 3446 596 3508 arguit
625 3444 990 3510 discipulorum
1027 3459 1282 3506 numerus,
1319 3443 1405 3508 qui
1440 3442 1548 3494 eius
1582 3441 1944 3493 institutionem
