2028 3750
707 203 811 259 An·
833 163 1241 260 sormsmm.
1739 203 1809 254 ετ

130 350 271 402 ribus
321 349 548 402 exhiberi
587 348 778 415 potuit.
814 384 817 386 -
847 346 1074 400 PertIset
1123 352 1290 399 autem
1323 345 1446 398 illud
1483 359 1569 407 eo,
1617 351 1676 399 ut
1709 359 1803 396 nec

125 423 181 474 in
229 423 363 472 Ente
396 420 728 472 Parmeniden
773 434 870 469 nec
911 419 964 469 in
999 418 1220 476 immotis
1255 417 1629 482 Megaricorum
1674 417 1803 468 ideis

128 494 352 544 veritatis
389 492 647 542 scientiam
682 491 852 542 inesse
888 490 1143 541 doceatur.
1201 489 1359 553 Quod
1396 488 1596 555 quidem
1630 486 1802 555 philo-

130 564 324 628 sophus
375 563 547 613 effecit
592 563 693 624 sic,
740 567 802 612 ut
845 561 1046 613 illorum
1095 559 1338 611 rationem
1374 561 1716 612 emendaverit
1749 564 1804 610 et

129 650 243 685 cum
289 651 380 684 sua
423 634 583 702 ipsius
630 635 696 683 de
739 633 868 683 ideis
903 632 1130 682 doctrina
1163 632 1517 683 conciliaverit.
1586 631 1805 699 Aperuit

127 706 283 771 igitur
317 706 444 766 eiua,
481 704 615 769 quod
648 720 800 757 vere
838 718 986 754 esse
1021 707 1193 753 mente
1228 709 1280 752 et
1306 704 1470 753 animo
1503 705 1802 768 cogitamus,

129 778 229 826 vim
265 781 593 840 naturamque
630 774 934 827 acutissime.
1004 774 1131 824 Nam
1153 774 1365 836 primum
1390 772 1588 839 quidem
1607 774 1656 824 ei
1682 788 1802 825 con·

116 852 207 914 ‚tra
241 846 592 900 Parmenidem
637 847 905 898 vindicavit
936 840 1280 902 ‚multitudinis
1316 846 1511 910 copiam
1548 850 1603 896 et
1635 845 1803 894 varie-

127 913 316 981 tatem,
355 934 452 983 qua
487 933 582 966 una
618 916 890 969 secundum
923 915 1082 984 ipsius
1129 916 1428 966 sententiam
1464 915 1578 966 fieri
1611 920 1802 983 potest,

118 987 186 1038 'ut
221 991 404 1040 mentis
439 989 685 1038 humanae
720 987 931 1041 scientia
977 991 1031 1036 et
1064 985 1288 1051 cognitio
1322 987 1575 1051 pariatur;
1620 986 1802 1037 deinde

129 1060 295 1110 eidem
338 1060 390 1109 in
439 1075 629 1110 summa
674 1060 881 1108 naturae
935 1072 1057 1111 suae
1099 1058 1380 1109 constantia
1434 1063 1603 1110 tamen
1650 1058 1827 1114 etiam·

118 1131 385 1195 ‚relationis
442 1131 548 1180 sive
593 1134 762 1181 motus
806 1129 1044 1183 virtutem
1085 1127 1404 1180 tribuendam
1453 1144 1569 1178 esse
1612 1126 1804 1190 docuit,

129 1218 277 1268 quam
311 1201 636 1253 Parmenides
683 1200 874 1267 pariter
919 1204 1070 1264 atque
1115 1197 1362 1262 Megarici
1405 1198 1454 1248 ei
1493 1197 1801 1264 eripiebant:

129 1274 316 1340 quippe
361 1272 508 1322 ideae
559 1272 656 1337 nisi
687 1273 821 1323 inter
853 1286 913 1320 se
949 1269 1173 1336 copulari
1208 1284 1265 1318 ac
1301 1269 1499 1336 seiungi
1538 1270 1803 1336 distingui-

129 1360 227 1410 que
262 1349 501 1414 possent,
538 1343 674 1397 nulla
706 1341 941 1409 profecto
978 1341 1115 1392 foret
1148 1339 1420 1402 iudicandi,
1456 1340 1687 1402 docendi,
1717 1341 1802 1391 lo-
1852 1399 1859 1406 ,

130 1416 315 1481 quendi
362 1414 601 1477 facultas,
643 1418 705 1466 ut
747 1414 823 1465 sic
870 1427 1068 1483 qnoque
1113 1412 1338 1465 veritatis
1381 1412 1590 1465 scientia
1626 1417 1680 1465 et
1713 1427 1802 1464 co-

113 1485 354 1552 'gnitione
409 1499 716 1537 careremus,
797 1483 929 1534 Hinc
982 1497 1138 1548 porro
1186 1481 1393 1534 deduxit
1451 1483 1802 1549 cognationem

129 1559 268 1619 eius,
303 1556 435 1623 quod
474 1571 626 1606 esse
662 1555 902 1616 dicimus,
950 1569 1065 1605 cum
1103 1569 1165 1604 eo
1201 1554 1337 1619 quod
1370 1568 1492 1605 non
1528 1559 1661 1614 est3
1697 1555 1802 1604 evi-

48 1685 56 1698 .
129 1629 298 1692 citque
345 1628 653 1693 gravissimis
699 1625 1035 1692 argumentis,
1079 1624 1293 1675 alterum
1337 1640 1453 1675 cum
1500 1625 1664 1676 altero
1698 1628 1802 1679 tam

128 1707 267 1749 arcta
299 1698 668 1750 necessitudine
704 1698 1062 1759 nominer-ivm
1095 1701 1330 1747 neutrum
1363 1695 1608 1750 alterutro
1626 1710 1803 1747 carere

128 1767 510 1823 existimandum
556 1769 637 1822 sit,
721 1769 832 1831 Quo
877 1769 989 1838 ipsu
1043 1766 1259 1831 denique
1306 1781 1426 1816 usus
1460 1771 1543 1818 est
1589 1767 1698 1826 sic,
1741 1772 1802 1817 ut

126 1841 322 1899 fraudis
380 1845 433 1893 et
479 1839 669 1889 erroris
720 1838 771 1890 in
821 1838 1075 1889 hominum
1131 1837 1329 1888 iudiciis
1389 1843 1443 1887 et
1488 1836 1803 1888 sermonibus

128 1927 332 1963 caussas
382 1916 436 1961 et
483 1912 703 1977 origines
749 1908 1182 1961 demonstraverit.
1254 1910 1328 1959 Ita
1374 1909 1531 1975 igitur
1564 1909 1801 1960 refutatis

126 1983 469 2035 Eleaticorum
510 1988 564 2037 et
602 1981 976 2048 Megaricorum
1012 1979 1326 2051 opinionibus
1363 1979 1648 2034 firmissima
1681 1980 1803 2030 iecit

127 2054 423 2121 disciplinae
458 2053 685 2106 veritatis
719 2052 1068 2113 fundamenta,
1103 2066 1268 2116 neque
1303 2050 1507 2101 dubium
1544 2056 1640 2113 est,
1675 2066 1801 2116 quo.-

126 2142 240 2177 nam
286 2123 483 2179 vinculo
533 2124 694 2176 omnia
730 2129 882 2189 atque
934 2121 1129 2189 singula
1170 2123 1304 2176 inter
1338 2135 1399 2173 se
1435 2123 1801 2175 contineantur.

113 2195 331 2263 'Operae
364 2201 532 2246 tamen
570 2195 792 2261 pretium
824 2195 1010 2244 facturi
1031 2192 1276 2255 videmur,
1311 2192 1357 2244 si
1389 2193 1614 2258 singulos
1651 2208 1799 2258 quos-

127 2269 242 2320 dam
278 2268 418 2319 locos
454 2267 711 2316 illustrare
748 2280 986 2321 conemur
1031 2264 1317 2316 dilucidius.
1386 2263 1803 2326 Quauoccasione

112 2355 326 2399 ‚omnem
364 2337 591 2388 ordinem
625 2352 683 2387 ac
719 2352 1045 2404 progressum
1083 2335 1434 2402 disputationis
1470 2334 1634 2384 denuo
1670 2350 1801 2401 pau-

128 2411 202 2461 cis
249 2409 514 2478 desig‘nare
561 2409 764 2470 licebit,
813 2424 911 2473 quo
947 2406 1144 2458 facilius
1179 2421 1270 2456 eos
1305 2405 1446 2458 locos
1485 2405 1802 2461 demonstre-

127 2497 267 2545 mus.,
303 2482 388 2550 qui
421 2481 586 2534 lucem
619 2478 1050 2551 interpretationis
1086 2477 1389 2533 desiderent.

267 2621 573 2687 Principium
629 2621 784 2686 igitur
823 2620 1175 2687 disputationis
1234 2616 1433 2669 ducitur
1475 2618 1622 2681 inde,
1668 2618 1801 2683 quod

115 2692 372 2760 {sophista
407 2692 592 2742 dicitur
634 2692 798 2742 omnia
833 2692 1033 2758 quidem
1068 2693 1201 2742 scire
1235 2691 1422 2749 videri,
1485 2704 1581 2739 nec
1631 2693 1800 2742 tamen

130 2779 312 2830 reapse
359 2763 507 2812 scire.
578 2761 710 2814 Hinc
753 2764 974 2812 nascitur
1019 2761 1289 2822 dubitatio,
1333 2759 1450 2810 num
1498 2758 1631 2824 quod
1677 2776 1800 2810 non

130 2837 240 2895 sit,
275 2839 444 2883 tamen
476 2834 601 2882 item
637 2848 798 2881 esse
818 2833 1027 2884 iudicari
1048 2834 1229 2882 debeat
1257 2829 1332 2896 (p.
1354 2829 1460 2879 235
1480 2859 1533 2865 —-
1553 2829 1673 2880 23⁴1.
1698 2831 1798 2895 A.).

130 2907 242 2969 Qua
279 2905 588 2955 dubitatione
626 2906 838 2953 excitata
871 2904 1085 2966 primum
1116 2902 1379 2966 exponitur
1404 2901 1654 2954 sententia
1676 2901 1800 2956 Par-

131 2978 373 3036 menidis,
420 2975 502 3040 qui
551 2989 701 3040 quum
743 2967 809 3024 τὸ
859 2967 926 3025 ὄν
970 2979 1166 3024 tantum
1212 2976 1454 3035 poneret,
1500 2965 1562 3020 τὸ
1607 2966 1683 3036 μὴ
1734 2965 1800 3024 ὅν

131 3050 283 3114 plane
316 3048 550 3106 tolleret,
601 3060 798 3096 omnem
847 3045 1033 3095 erroris
1069 3049 1123 3093 ct
1158 3042 1349 3094 fraudis
1383 3041 1673 3095 facultatem
1711 3060 1800 3095 au-

132 3121 347 3170 ferebat.
420 3117 574 3169 Cuius
622 3117 788 3181 opinio
834 3117 1121 3180 priusquam
1165 3114 1219 3164 in
1265 3114 1688 3179 disceptationem
1714 3129 1801 3165 vo·-

118 3196 303 3251 .catur‚
347 3189 512 3237 variae
550 3192 604 3238 et
641 3187 942 3252 multiplices
982 3186 1190 3236 aliorum
1236 3183 1649 3250 philosophorum
1686 3202 1802 3236 sen·-

132 3263 322 3311 tentiae
357 3260 421 3309 de
459 3254 618 3324 οὐσίᾳ
657 3262 1034 3315 enumerantur,
1069 3257 1148 3306 ita·
1175 3257 1403 3321 quidem,
1451 3259 1508 3306 ut
1543 3271 1633 3305 eos
1669 3258 1803 3308 inter

119 3333 434 3398 <principium
473 3335 528 3378 et
567 3325 759 3386 οὐσίαν
804 3344 905 3379 ηοη
952 3328 1075 3377 satis
1120 3331 1354 3376 accurate
1388 3326 1676 3377 distinxisse
1711 3328 1800 3375 do-

135 3409 320 3454 ceatur.
393 3401 683 3452 Revertitur
720 3399 930 3454 taudem,
957 3399 1117 3449 oratio
1144 3396 1204 3449 ad
1225 3397 1572 3450 Parmenidem
1593 3399 1663 3463 (p.
1682 3398 1799 3446 244.
