2028 3750
252 175 338 245 '²12
860 155 1382 245 PnoLEGoMENA
1851 181 1908 209 ‘⁸

263 336 314 384 id
354 338 600 400 perpetuo
638 349 817 398 agere,
869 340 923 383 ut
971 331 1230 380 terrestris
1266 331 1412 386 huius
1450 334 1579 385 vitae
1615 333 1830 382 miseriis
1868 333 1936 381 liu·

263 407 467 455 beratns
523 404 584 453 ad
622 420 765 468 quam
806 403 1062 450 maximam
1099 417 1211 454 cnm
1258 402 1370 467 ipso
1410 403 1516 454 Deo
1556 403 1931 458 similitudinem

262 477 528 541 pervenire
564 474 766 523 studeat
854 473 993 534 Quae
1029 486 1334 535 magnopere
1370 476 1635 524 cavendum
1674 480 1755 523 est
1806 490 1870 527 ne
1905 492 1933 524 a

262 547 550 617 principalis
601 544 950 607 disputationis
996 548 1290 606 argumento
1335 544 1608 598 abhorrere
1643 537 1933 603 existimen-

258 626 367 677 tur3
402 622 518 667 sunt
554 615 683 665 enim
722 612 782 661 ad
820 614 927 663 eius
966 620 1207 665 summam
1243 618 1576 683 attemperata
1610 617 1930 666 artificiosis-

257 690 402 739 sime.
476 684 603 748 Quid
631 685 764 736 enim
798 684 1076 750 elegantius
1099 686 1374 768 excogitari
1406 691 1577 750 potest
1615 703 1758 750 quam
1798 686 1931 750 quod

256 759 522 816 Socrates,
571 756 655 820 qui
701 770 850 805 vanas
874 755 1109 805 aliorum
1146 757 1407 821 opiniones
1445 756 1640 806 refellit
1674 763 1727 808 et
1763 757 1929 821 magis·

259 836 363 889 tat,
400 829 510 893 ipse
547 827 661 875 talis
698 826 1011 892 depingitur,
1063 827 1144 890 qui
1185 833 1238 876 et
1276 844 1394 876 vcra
1430 827 1619 879 sciendi
1655 828 1933 893 cupiditate

258 901 325 949 sit
348 900 561 951 maxime
582 897 910 946 inflammatus
937 904 989 946 et
1015 897 1063 946 in
1099 898 1306 947 aliorum
1344 898 1519 946 animis
1542 898 1730 964 optime
1767 900 1933 963 possit

257 971 363 1020 veri
397 970 655 1020 scientiam
690 970 944 1018 excitare?
1017 969 1147 1031 Quid
1168 970 1231 1018 ad
1261 985 1368 1019 rem
1395 975 1710 1033 praesentem
1741 977 1820 1019 est
1847 985 1930 1018 ac-

257 1041 647 1101 commodatius,
695 1056 840 1103 quam
885 1040 1020 1104 quod
1067 1041 1172 1087 veri
1221 1039 1510 1105 philosophi
1558 1056 1665 1089 cam
1710 1046 1932 1090 mentem

220 1159 225 1165 ,
256 1129 373 1164 esse
409 1112 648 1172 docetur,
685 1117 740 1159 ut
775 1111 925 1160 missa
958 1126 1128 1162 rerum
1160 1116 1474 1159 externarum
1512 1126 1631 1160 cura
1665 1110 1932 1162 insatiabili

256 1185 408 1244 veri,
438 1183 556 1235 boni
591 1188 646 1231 et
681 1181 881 1233 honesti
918 1180 1168 1230 desiderio
1204 1182 1431 1246 repletus
1469 1181 1741 1232 indefesso.
1763 1181 1931 1234 studio

255 1255 471 1308 animum
513 1269 658 1303 suum
694 1254 757 1302 ad
792 1269 875 1302 res
913 1253 1165 1303 coelestes
1198 1253 1459 1318 ipsumque
1502 1252 1662 1305 Deum
1701 1258 1932 1317 tanquam

255 1341 503 1377 summum
577 1320 908 1390 perfectionis
965 1323 1218 1389 exemplar
1271 1324 1567 1372 convertat?
1661 1322 1931 1376 Enimvero

253 1402 604 1462 praeterquam
655 1394 787 1459 quod
833 1395 932 1446 isto
985 1395 1134 1443 modo
1171 1394 1402 1460 vulgares
1435 1395 1689 1448 hominum
1725 1395 1776 1445 in
1812 1395 1932 1460 phi·

198 1502 202 1508 ,
254 1469 496 1533 losophos
566 1466 841 1517 calumniae
907 1465 1251 1534 repelluntur,
1323 1465 1470 1515 simul
1529 1466 1678 1516 etiam
1738 1467 1928 1531 signifi-

220 1601 221 1604 *
253 1545 421 1599 catur,
461 1538 689 1603 quidnam
713 1537 835 1586 illud
875 1538 958 1598 sit,
995 1538 1046 1586 in
1084 1553 1181 1602 quo
1218 1537 1322 1586 veri
1358 1538 1570 1589 nominis
1591 1520 1927 1605 philosophus

253 1611 478 1661 veritatis
515 1626 573 1659 ac
610 1609 850 1660 scientiae
886 1608 1078 1658 fontem
1119 1609 1453 1674 quaerendum
1491 1625 1606 1658 esse
1643 1615 1871 1660 censeat.

392 1681 594 1746 Regnat
649 1695 769 1729 vero
818 1697 910 1748 per
963 1686 1124 1730 totum
1171 1695 1453 1730 sermonem
1499 1680 1823 1730 urbanissima
1869 1695 1928 1731 ac

252 1754 557 1804 facetissima
589 1752 762 1802 ironia.
834 1751 1082 1800 Ridentur
1119 1752 1248 1800 enim
1286 1751 1612 1815 Protagorei,
1652 1757 1928 1816 carpuntur

249 1824 545 1883 lleraclitei,
573 1822 898 1872 exsibilantur
917 1838 1090 1872 omnes
1114 1823 1166 1881 ii,
1203 1823 1286 1886 qui
1314 1821 1517 1874 decreta
1541 1839 1630 1871 sua
1649 1822 1709 1870 ad
1734 1822 1923 1872 Home-

250 1898 312 1957 ri,
350 1895 542 1960 Orphei
564 1895 874 1958 aliorumque
901 1900 1066 1945 vatum
1088 1893 1543 1957 antiquissimorum
1571 1895 1923 1947 auctoritatem

248 1967 566 2026 referebant3
588 1971 852 2031 praeterea
876 1982 1067 2026 eorum,
1094 1966 1177 2030 qui
1201 1964 1519 2023 refelluntur,
1542 1962 1766 2014 doctriua
1789 1965 1925 2017 haud

249 2040 420 2105 paucis
464 2038 588 2086 locis
612 2034 758 2101 quam
795 2037 1072 2085 clarissime
1110 2036 1388 2100 explicatur
1413 2042 1468 2083 et
1488 2035 1783 2094 illustratur,
1822 2052 1922 2100 quo

248 2108 555 2159 commodius
602 2107 774 2157 eadem
820 2107 1000 2158 deinde
1047 2107 1325 2167 refutetur3
1373 2106 1488 2171 quin
1527 2107 1676 2168 etiam
1714 2107 1925 2158 ridicula

245 2182 487 2245 quaedam
525 2179 603 2228 vel
639 2184 814 2244 arguta
848 2178 1047 2228 illorum
1084 2179 1280 2229 inventa
1316 2178 1388 2228 sic
1425 2178 1729 2238 afferuntur,
1767 2185 1822 2228 ut
1859 2180 1920 2228 ab

215 2253 354 2317 'ipso
402 2252 612 2300 Socrate
656 2250 973 2315 comprobari
1019 2250 1309 2310 videantur,
1356 2265 1505 2315 quum
1543 2255 1707 2299 tamen
1746 2266 1920 2300 eornm

241 2323 651 2373 commemoratio
700 2322 990 2385 neutiquam
1023 2322 1257 2369 irrisione
1296 2327 1470 2370 vacet:
1526 2337 1761 2385 quorsum
1798 2338 1917 2388 perv

239 2396 423 2455 tinent*
451 2398 655 2459 praeter
704 2393 797 2442 alia
850 2393 1063 2442 maxime
1099 2392 1182 2441 illa
1220 2391 1284 2439 de
1319 2408 1436 2440 cera
1471 2393 1634 2441 auimo
1671 2389 1916 2458 impressa

188 2462 189 2465 ’
239 2483 287 2531 p.
328 2466 443 2528 191.
477 2466 523 2530 C
560 2480 667 2528 sqq.
717 2470 770 2512 et
816 2464 878 2512 de
926 2464 1109 2513 mentis
1156 2463 1339 2511 aviario
1390 2479 1436 2525 p.
1478 2465 1593 2513 197.
1635 2465 1690 2513 C.
1730 2464 1770 2512 l)
1809 2480 1915 2528 sqq.

235 2538 359 2585 2⁰0.
409 2535 495 2595 C„
547 2552 673 2599 quae
723 2550 898 2583 errore
952 2550 1190 2599 perquam
1242 2534 1453 2582 ridiculo
1499 2551 1526 2582 a
1563 2535 1916 2600 philosophiae

235 2606 524 2670 Platonicae
561 2607 929 2655 enarratoribus
968 2606 1331 2654 recentioribus
1369 2620 1460 2669 pro
1498 2607 1655 2670 ipsius
1694 2606 1916 2656 Platonis

237 2678 457 2727 decretis
507 2679 835 2726 venditantur.
911 2677 1132 2726 Eandem
1183 2676 1426 2725 irrisionis
1471 2678 1767 2741 elegantiam
1804 2678 1915 2739 ipsa

238 2749 522 2798 disserendi
563 2750 692 2798 ratio
740 2748 908 2797 habet.
997 2748 1170 2798 Utitur
1218 2748 1348 2796 enim
1397 2746 1634 2798 Socrates
1693 2766 1753 2798 ca
1808 2749 1911 2796 dia÷

236 2820 443 2880 lectica,
497 2836 622 2883 quae
660 2820 871 2869 mirifice
906 2818 966 2867 ad
1006 2835 1179 2869 eorum
1216 2824 1548 2881 attemperata
1586 2826 1665 2869 est
1724 2835 1915 2874 morem

237 2897 291 2939 et
315 2891 746 2951 cousuetudinem,
783 2907 992 2956 quorum
1022 2891 1283 2955 opiniones
1319 2898 1670 2956 coarguuntur.
1743 2893 1915 2954 ltaque
1972 2942 1973 2945 ,

238 2977 390 3025 saepe
429 2978 519 3025 per
556 2963 880 3025 petulantiam
920 2963 1161 3026 quandam
1200 2962 1407 3025 argutiis
1443 2962 1697 3026 indulget,
1734 2963 1913 3027 quibus

236 3033 322 3080 isti
371 3031 747 3095 haudquaquam
797 3034 1137 3093 abstinebant3
1198 3048 1351 3096 saepe
1405 3050 1468 3084 ex
1515 3033 1910 3088 adversariorum

237 3110 406 3152 mente
431 3102 668 3163 disputat,
706 3105 795 3152 sed
830 3106 898 3153 ita
935 3111 1100 3153 tamen
1141 3103 1381 3169 disputat,
1416 3110 1473 3153 ut
1509 3121 1596 3153 eos
1634 3107 1737 3159 suis
1773 3106 1910 3169 ipso-

236 3190 347 3223 rum
386 3173 801 3236 capiatjaqueis3
849 3192 1002 3239 saepe
1051 3177 1265 3238 denique
1306 3176 1353 3222 in
1393 3175 1690 3239 disputando
1731 3176 1909 3223 iisdem

238 3244 464 3292 artificiis
503 3243 685 3303 utitur,
726 3247 901 3307 quibus
939 3249 1011 3295 illi
1048 3248 1124 3295 uti
1160 3254 1536 3304 consueverant,
1576 3247 1721 3295 sicuti
1758 3249 1908 3295 etiam

238 3317 289 3364 in
326 3314 570 3373 Menone,
610 3315 837 3380 CratyIO,
874 3318 1193 3383 Euthydemo
1230 3316 1340 3364 fieri
1376 3318 1697 3366 meminimus.
1771 3319 1912 3380 Quae

241 3386 402 3438 omnia
450 3386 545 3436 nisi
596 3386 704 3451 quis
761 3386 1026 3453 diligenter
1074 3390 1437 3452 observaverit,
1485 3405 1578 3441 uae
1614 3389 1657 3438 is
1693 3397 1912 3443 mentem
