2028 3750
245 218 283 266 8
828 214 1347 272 PROLEGOMENA

247 359 502 426 profligari
540 357 865 409 existimanda
900 359 981 407 sit.
1055 355 1463 410 Demonstratnm
1516 361 1596 407 est
1630 360 1682 409 in
1717 358 1919 411 Theae-

249 436 397 491 teto,
441 445 590 477 verae
636 430 875 477 scientiae
920 429 1018 483 vim
1066 444 1231 491 neque
1277 429 1325 476 in
1374 430 1494 477 visis
1543 431 1712 478 inesse
1759 449 1921 496 neque

250 502 301 552 in
351 500 693 564 opinionibus,
745 515 839 562 qua
886 498 1086 560 quidem
1133 499 1472 568 disputatione
1519 500 1921 551 Heracliteorum

251 578 306 620 et
361 570 782 632 Protagoreornm
836 570 1134 620 convellitur
1191 571 1355 629 ratio,
1421 571 1505 636 qui
1565 588 1762 621 omnem
1818 574 1925 622 veri

251 641 585 705 cognitionem
625 642 836 694 maxime
884 639 1176 699 referebant
1217 642 1281 694 ad
1328 655 1521 690 sensus.
1596 642 1650 691 In
1688 642 1927 706 Sophista

251 713 406 773 igitur
451 710 784 776 philosophus
832 710 959 763 viam
1003 710 1282 765 institutam
1330 714 1652 781 persequitur
1695 713 1928 762 ulterius·

250 782 377 835 Nam
416 782 710 836 contrariam
734 781 1059 846 Protagoreis
1096 783 1392 836 sententiam
1417 785 1754 846 sequebantur
1777 784 1927 833 Elea-

251 853 373 907 tici,
424 852 510 916 qui
554 852 781 907 veritatis
820 853 1079 905 scientiam
1126 859 1178 900 et
1216 854 1550 918 cognitionem
1596 855 1742 903 unice
1778 855 1830 903 in
1866 868 1929 902 eo

250 923 485 976 volebant
521 923 705 982 inesse,
742 922 871 992 quod
908 938 1057 975 esse
1096 925 1430 987 cogitaremus
1453 931 1603 989 atque
1626 941 1724 975 una
1759 931 1931 974 mente

253 1002 305 1047 et
342 995 505 1048 animo
539 1009 878 1047 cerneremus.
947 993 1273 1045 Parmenides
1312 997 1461 1054 enim,
1499 1012 1646 1060 quum
1685 997 1750 1046 de
1787 1011 1932 1044 caus-

208 1066 213 1071 ’
253 1066 323 1118 sis
367 1070 419 1114 et
466 1064 620 1116 initiis
666 1080 834 1114 rerum
881 1065 1114 1114 subtilius
1165 1067 1519 1130 quaesivisset,
1569 1067 1930 1132 Xenophanem

251 1136 431 1190 ducem
468 1142 673 1191 secutus
721 1135 936 1197 denique
989 1135 1041 1185 in
1084 1151 1192 1187 eam
1245 1137 1448 1190 devenit
1493 1139 1824 1196 sententiam,
1874 1143 1932 1186 ut

251 1205 304 1260 id
354 1206 487 1268 qnod
550 1221 706 1257 esse
762 1206 1191 1271 intelligeremus,
1256 1208 1482 1271 quoniam
1538 1209 1724 1259 ceteris
1779 1208 1931 1259 rebus

252 1278 482 1332 omnihus
529 1278 795 1336 subesset,
853 1293 1024 1330 rerum
1078 1278 1375 1360 principium
1436 1283 1666 1348 putaret,
1726 1280 1778 1328 in
1833 1293 1932 1342 quo

252 1363 353 1403 uno
413 1349 572 1401 omnis
631 1347 858 1400 veritatis
916 1348 1127 1396 scientia
1184 1355 1235 1396 et
1292 1350 1511 1412 cognitio
1571 1350 1931 1399 contineretur.

252 1418 428 1484 ltaque
462 1419 624 1468 animo
662 1434 754 1474 suo
788 1418 985 1474 effinxit
1022 1425 1248 1472 naturam
1284 1420 1527 1485 quandam
1564 1421 1933 1485 intelligibilem

253 1506 403 1554 quam
443 1487 629 1545 Graeci
673 1485 866 1539 οὐσίαν
911 1495 1114 1550 vocant,
1177 1490 1239 1538 ad
1298 1506 1509 1555 eamque
1561 1507 1710 1542 unam
1758 1491 1934 1540 retulit

257 1558 405 1614 omne
452 1560 529 1623 id,
583 1559 714 1625 quod
752 1576 924 1614 verum
978 1566 1146 1621 esset,
1193 1562 1454 1629 ipsamque
1499 1563 1726 1612 veritatis
1763 1563 1938 1626 cogni-

254 1633 460 1688 tionem.
544 1631 671 1680 Nam
718 1632 809 1690 iis,
861 1647 987 1696 quae
1035 1633 1266 1685 sensibus
1314 1634 1690 1695 percipiuntur,
1736 1634 1935 1699 ipsique

256 1719 495 1760 sensuum
531 1703 875 1771 perceptioni,
923 1703 1170 1768 opinionis
1218 1703 1418 1769 quidem
1453 1705 1937 1756 verisimilitudinem

256 1775 539 1835 concessit,
586 1775 750 1846 ipsum
798 1774 906 1829 veri
942 1774 1179 1826 iudicium
1215 1776 1415 1845 eripuit.
1485 1775 1677 1829 Verum
1710 1775 1833 1823 illud
1872 1766 1939 1825 ὃν

258 1862 432 1906 suum,
480 1842 621 1910 quod
657 1845 808 1909 etiam
845 1848 900 1896 έν
937 1846 1245 1911 appellatum
1283 1852 1390 1906 est,
1446 1862 1594 1911 quum
1631 1845 1787 1894 vellet
1822 1860 1940 1895 esse

259 1911 540 1977 uniforme,
576 1917 962 1982 sempiternum,
998 1916 1324 1976 immutabile,
1363 1883 1579 1984 denique
1615 1918 1775 1967 omnis
1811 1916 1941 1966 mul-

256 1987 488 2046 titudinis
520 2002 580 2038 ac
614 1987 870 2043 varietatis
909 2002 1116 2070 experS,
1160 1989 1212 2039 in
1249 1989 1555 2041 contrarium
1586 1988 1761 2040 incidit
1797 2003 1939 2036 erro-

256 2075 394 2118 rem,
438 2062 591 2129 atque
637 2059 704 2119 ii,
759 2059 846 2122 qui
892 2058 1120 2107 veritatis
1171 2059 1407 2110 iudicium
1455 2059 1517 2106 ad
1567 2074 1744 2107 sensus
1796 2059 1939 2107 defe-

257 2131 452 2184 rebant.
538 2129 667 2178 Nam
705 2128 1119 2195 quemadmodum
1166 2129 1219 2177 hi
1257 2130 1503 2181 tollebant
1540 2145 1735 2178 omnem
1775 2131 1940 2180 scien-

259 2202 361 2256 tiae
395 2201 667 2261 unitatem,
712 2199 1112 2267 quandoquidem
1147 2215 1274 2266 quae
1312 2201 1540 2251 sensibus
1577 2202 1941 2266 percipiuntur,

260 2287 320 2328 ea
367 2276 543 2326 natura
591 2287 682 2322 sua
740 2270 870 2319 fluxa
920 2276 1037 2320 sunt
1086 2277 1438 2340 perpetuoque
1483 2279 1623 2320 motu
1678 2271 1941 2330 feruntur3

258 2343 328 2397 ita
375 2342 464 2394 ille
502 2341 695 2392 sublata
733 2342 1031 2405 cognitionis
1061 2343 1303 2391 varietate
1342 2341 1706 2425 propemodum
1743 2357 1940 2392 omnem

257 2412 526 2481 auferebat
561 2413 666 2460 veri
704 2412 979 2462 scientiam
1041 2411 1258 2462 Βωὶίδειῐ
1295 2415 1424 2466 enim
1463 2414 1737 2466 secundum
1775 2415 1940 2477 ipsum

254 2483 422 2549 omnis
461 2483 642 2536 mentis
679 2481 922 2538 humanae
959 2484 1191 2545 cognitio
1237 2484 1300 2534 ad
1336 2499 1484 2537 unum
1523 2483 1648 2533 illud
1684 2499 1825 2542 enS,
1878 2483 1943 2532 de

258 2569 356 2621 quo
413 2553 538 2607 nihil
591 2553 703 2606 fere
762 2553 1042 2618 praedicari
1102 2552 1295 2606 liceret.
1391 2555 1591 2620 Quippe
1652 2555 1942 2605 univ-eisalis

255 2625 354 2683 ista
410 2624 750 2679 essentiae
821 2624 989 2684 notio,
1070 2622 1190 2677 licet
1252 2639 1373 2672 tere
1440 2640 1555 2675 esse
1619 2626 1942 2685 iudicaretur,

258 2704 430 2755 tamen
477 2695 881 2758 praedicatmum
926 2694 1194 2756 ιαιὶθῐειω,
1257 2695 1388 2748 unde
1438 2696 1647 2744 scientia
1700 2697 1806 2745 veri
1858 2712 1942 2744 su·-

257 2765 549 2840 spenditur,
599 2766 798 2820 omuino
836 2766 1023 2825 caruit,
1072 2765 1316 2834 siqnidem
1355 2782 1482 2850 quae
1519 2767 1565 2820 ei
1602 2767 1944 2818 attribueban-

256 2844 370 2897 tur,
423 2854 518 2903 per
577 2852 802 2894 errorem
863 2844 1017 2900 atque
1077 2836 1307 2890 fraudem
1372 2839 1470 2901 ipsi
1525 2839 1764 2890 attiibnta
1811 2843 1945 2887 suut.

256 2925 298 2961 ι
356 2908 589 2973 Ptolegg
641 2907 704 2964 ad
753 2907 1049 2972 ampliorem
1093 2907 1402 2960 Parmenidis
1455 2909 1573 2958 edit.
1622 2915 1841 2959 nostram
1891 2924 1941 2972 p.

262 2966 328 3026 15
370 2996 476 3043 sqq.
556 2976 690 3028 Haec
741 2980 895 3044 igitur
943 2979 1170 3032 doctrina
1208 2979 1413 3031 scholae
1450 2980 1710 3031 Eleaticae
1747 2978 1943 3029 Platoni

260 3065 357 3098 non
398 3050 596 3113 indigna
631 3051 733 3100 visa
771 3056 851 3102 est
886 3049 1150 3103 subtiliore
1188 3051 1426 3101 examine.
1498 3051 1572 3102 Ac
1610 3057 1748 3101 tanto
1785 3051 1942 3113 magis

260 3119 593 3186 philosophus
642 3123 711 3171 ita
758 3121 949 3176 sentire
997 3120 1197 3182 debui-t,
1253 3122 1413 3184 quod,
1470 3122 1618 3174 sicuti
1665 3123 1777 3186 ipse
1826 3121 1942 3168 inde

258 3190 581 3254 profecerat,
650 3194 719 3242 ita
773 3191 856 3245 alii
907 3192 1177 3242 extiterant
1226 3190 1500 3252 Socratici,
1564 3194 1648 3255 qui
1697 3207 1804 3243 eam
1853 3192 1941 3238 de„

257 3261 517 3320 flexissent
577 3262 677 3323 sic,
735 3268 790 3311 ut
851 3262 1048 3311 etiamsi
1101 3262 1225 3317 Enti
1282 3262 1610 3317 Parmenideo
1663 3262 1942 3309 tribuerent

257 3330 626 3385 multitudinem
685 3331 928 3397 quandam
996 3338 1050 3383 et
1106 3333 1320 3397 partium
1383 3335 1704 3391 varietatem,
1774 3338 1941 3385 tamen

261 3416 457 3457 omnem
496 3401 910 3463 mutabilitatem,
966 3404 1363 3458 communionem
1407 3411 1459 3459 ct
1505 3403 1939 3469 participationem
