2028 3750
716 168 1138 246 SOPH'ISTA.
1708 188 1780 238 π

96 360 205 417 ραν
256 339 406 414 ἡιιᾶς
462 346 773 418 προςειπεῖν
834 342 916 396 ἑνὶ
958 335 1103 411 ἶόγῳ
1145 341 1249 396 νῦν
1286 335 1476 416 χρεων,
1518 331 1555 419 ἢ
1597 337 1653 392 τί
1690 356 1776 402 τις
1822 333 1866 384 D
1913 408 1915 411 Ι

95 426 198 494 ἄν,
248 429 540 495 &saiz-nte,
584 425 728 481 εἴποι
770 423 1032 494 κάλλιονς

97 598 287 652 τοῦτο

225 513 428 567 ΘΕΑΙ.
510 509 818 583 Ἀμελῶμεν
863 510 965 564 τοῦ
1007 503 1314 581 ὀνόματος·
1356 476 1526 580 αρκεῐ
1553 499 1662 580 γὰρ
1690 505 1784 561 καὶ

222 674 336 740 ΞΕ.
380 679 538 746 Τῆς
579 679 770 733 τοίνυν
810 676 1108 743 πληκτικῆς
1156 670 1223 730 τὸ
1289 675 1392 747 μὲν
1448 667 1784 745 νυκτερινόν,

99 758 269 835 οἶμαι,
327 759 468 837 πρὸς
522 758 697 836 πυρὸς
753 762 873 836 φῶς
925 757 1253 829 γιγνόμενον
1297 756 1394 814 ὑπ’
1445 755 1632 830 αὐτῶν
1672 758 1783 811 τῶν

98 850 222 922 περὶ
263 842 368 913 τὴν
412 844 606 917 θήραν
647 839 977 918 πυρευτικὴν
1012 841 1270 918 ῥηθῆναι
1310 843 1628 914 συμβέβηκε

229 930 435 986 ΘΕΑΙ.
519 926 690 985 ΙΙοὲνυ
733 947 810 996 ηε.
849 941 854 946 ’

223 1009 340 1073 Ξ.Ε
429 1001 507 1068 Το
546 1015 603 1068 δέ
624 1032 683 1080 γε
713 1005 1114 1083 μεθημερινόν,
1145 1006 1219 1074 ὥς
1244 1002 1482 1080 ἐχόντων
1508 968 1566 1063 ἐν
1591 1002 1785 1079 ἄκροις

99 1093 368 1170 ἄγκιστρα
407 1098 502 1151 καὶ
542 1098 655 1150 τῶν
698 1091 1050 1167 τριοδόντων,
1092 1095 1207 1179 πᾶν
1249 1090 1715 1164 ἀγκιστρευτικόν.

227 1181 433 1237 ΘΕΑΙ.
486 1182 751 1249 Λέγεται
794 1174 901 1249 γὰρ
946 1194 1069 1231 ουν.

202 1260 367 1341 --.Cap
411 1259 520 1320 VI.
602 1259 718 1324 ΞΕ.

807 1263 935 1317 'Iov-
968 1263 1160 1317 τοίνυν
1195 1256 1640 1333 ἁγκιστρευτικοῦ
1684 1260 1783 1326 τῆς

1115 1480 1146 1497 μή

100 1489 273 1541 ponunt.
305 1485 404 1526 Om.
435 1483 560 1526 codd.
591 1495 739 1524 omnes
768 1488 940 1536 praeter
967 1481 1075 1525 Ven.
1109 1498 1153 1522 .=.
1187 1486 1230 1523 et
1257 1481 1373 1523 Flor.
1403 1480 1431 1521 i.

114 1579 134 1584 -
216 1540 319 1593 Τῆς
350 1542 538 1582 τοίνυν
567 1541 774 1592 rel-‘qual
812 1541 1041 1592 Stobaeus,
1070 1539 1149 1591 τῆς
1167 1541 1241 1591 μὲν
1270 1540 1414 1580 τοίνυν
1456 1534 1527 1577 537·-

214 1595 371 1641 Πάνυ
398 1597 473 1654 γε]
503 1597 604 1640 Par.
635 1596 735 1639 BC.
768 1596 889 1651 Flor,
920 1611 958 1640 a.
991 1611 1029 1639 c.
1059 1597 1088 1639 i.
1119 1593 1237 1637 πάνυ
1266 1599 1342 1653 μὲν
1369 1589 1464 1636 οὖν

101 1771 261 1827 piano
297 1769 374 1814 ΠΙ.
413 1782 455 1811 v.
499 1770 582 1808 285
623 1779 713 1820 sqq.
784 1766 900 1808 Ante

101 1829 245 1885 erl-⁹172]
294 1825 601 1880 Stephanus
648 1823 724 1864 καί
765 1823 899 1865 inter-

102 1872 346 1942 ponendum
382 1883 599 1926 censebat
669 1881 766 1923 Non
795 1880 899 1922 satis

103 1947 237 1985 caute.
297 1943 439 1984 Recte
481 1936 777 1980 Fischerus
833 1939 899 1978 lo-

105 2013 202 2042 cum
231 1999 293 2040 sic
311 1999 632 2051 interpretatur:
665 2008 777 2036 eam
811 2007 899 2035 ve-

103 2070 192 2109 t0,
252 2068 387 2108 quae
444 2066 546 2108 per
602 2052 782 2094 hamos
849 2057 900 2093 et

102 2113 354 2156 fuscinas
418 2111 534 2152 ictu
593 2110 676 2152 fit.

102 2183 206 2214 vero
243 2167 408 2236 πληγῇ
419 2167 473 2208 ad
512 2170 738 2219 utrumque
769 2166 902 2218 perti-

102 2233 192 2280 net,
227 2230 271 2268 et
297 2225 352 2266 ad
380 2223 588 2279 ἄγκιρτρα
619 2228 663 2264 et
693 2223 748 2264 ad
777 2219 901 2272 τριό-

102 2286 276 2335 δοντας,
306 2281 646 2336 quandoquidem
675 2285 902 2332 utrumque

102 2342 429 2384 instrumentum
451 2339 506 2394 τῇ
534 2338 672 2393 πληγῇ
707 2337 898 2387 inservit,

104 2398 228 2441 sicuti
258 2396 414 2438 docent
443 2409 517 2447 ea,
562 2408 671 2448 quae
701 2395 900 2448 deinceps

104 2459 383 2522 exponuntur.

159 2512 211 2554 D.
249 2507 276 2564 ἥ
305 2512 362 2552 τί
388 2524 471 2556 τις
496 2505 576 2562 ἄν,
611 2507 904 2575 Θεαίτητε,

103 2569 248 2611 εἴποι
275 2564 525 2615 mimam]
587 2565 725 2618 Vulgo
756 2559 786 2605 ὦ
820 2565 906 2605 Θε-

105 2626 279 2678 αίτητε,
319 2622 460 2663 invitis
489 2621 612 2662 codd.
646 2622 735 2663 fere
766 2622 902 2662 omni—

104 2683 199 2725 bus.
267 2680 499 2721 Enimvero
536 2678 766 2733 ⁸vocativus
813 2680 905 2719 sine

104 2735 137 2780 ὦ
176 2741 244 2782 est
290 2737 431 2789 potius
473 2734 743 2775 admonentis
776 2748 903 2787 quam

105 2793 412 2863 compellantis.
473 2791 682 2843 Exempla
720 2790 904 2831 vocativi

107 2853 170 2893 sic
216 2849 347 2904 positi
390 2849 502 2890 bene
540 2849 672 2887 multa
715 2849 903 2898 college-

106 2904 204 2950 runt
238 2906 660 2947 Bornemannus
713 2903 767 2943 ad
810 2902 903 2944 Xe-

105 2964 232 3019 noph.
275 2963 422 3015 Symp.
463 2975 504 3015 p.
540 2963 634 3003 145.
664 2959 900 3001 Memorab.

108 3036 149 3077 p.
188 3026 259 3062 49.
305 3019 452 3061 Ruck
469 3020 560 3059 ert
611 3016 665 3058 ad
702 3017 903 3070 Sympos.

108 3093 152 3134 p.
200 3083 267 3117 94.
328 3076 802 3117 Winckelmannus
849 3071 904 3114 ad

107 3134 361 3188 Euthydem.
394 3147 450 3198 p.
469 3136 536 3175 89.

165 3189 322 3245 ἀρκεῖ
388 3204 490 3243 γαρ
548 3186 640 3228 καὶ
699 3201 794 3227 του
779 3183 902 3235 Two]

110 3262 228 3292 nam
258 3250 339 3290 wel
370 3246 466 3287 hoc
495 3244 721 3294 sufficit,
754 3249 904 3283 utnon

112 3318 220 3360 opus
263 3305 320 3345 sit
357 3303 467 3344 alind
498 3314 650 3342 nomen
682 3300 904 3352 anquirere

111 3376 164 3404 ac
214 3360 554 3414 circumspicere.
630 3357 704 3398 Sic
748 3357 821 3396 καί
863 3356 904 3397 in

113 3419 321 3462 eiusmodi
359 3416 551 3459 formulis
600 3413 906 3467 frequentatur.

749 2109 900 2150 Enim-
919 2150 921 2152 ,

981 1763 1091 1808 Vide
1142 1765 1314 1816 praeter
1353 1762 1476 1804 locos
1520 1762 1573 1804 ab
1617 1763 1783 1810 Hein-

983 1821 1176 1868 dorfio
1206 1821 1356 1861 allatos
1386 1820 1452 1862 De
1492 1820 1604 1874 Rep.
1637 1821 1705 1863 VI.
1738 1836 1781 1875 p.

985 1884 1079 1922 506.
1113 1878 1166 1921 D.
1197 1876 1308 1918 VIII.
1341 1890 1382 1931 p.
1416 1883 1512 1918 548.
1545 1878 1598 1920 D.
1630 1878 1783 1920 Me‘ne-

981 1948 1076 1978 xen.
1119 1949 1158 1988 p.
1199 1938 1297 1977 247.
1341 1933 1391 1975 C.
1431 1935 1560 1989 Hipp.
1600 1935 1696 1976 mai.
1738 1949 1782 1990 p.

983 1997 1081 2035 302.
1114 1991 1167 2033 B.
1200 1992 1338 2035 Alcib.
1370 1991 1402 2042 I.
1454 1996 1546 2033 123.
1577 1992 1630 2036 D.
1693 1991 1782 2034 Sed

981 2052 1102 2105 plura
1127 2048 1370 2091 adscribere
1399 2049 1540 2103 piget:
1573 2054 1641 2091 est
1671 2050 1783 2091 enim

985 2108 1051 2149 hic
1088 2118 1191 2147 usus
1229 2106 1427 2159 loquendi
1465 2120 1567 2147 sane
1609 2107 1783 2148 creber-

986 2165 1133 2207 rimus.

1041 2219 1104 2260 τό
1137 2221 1230 2275 μὲν
1257 2215 1690 2275 νυκτερινόν-]«
1711 2220 1784 2262 Sic
1809 2241 1813 2245 -

987 2277 1119 2327 ‚etiam
1166 2276 1304 2329 Legg.
1347 2276 1453 2318 VII.
1487 2290 1530 2331 p.
1579 2281 1676 2321 823.
1725 2277 1781 2319 E.

987 2334 1181 2376 diurnum
1220 2338 1264 2385 et
1300 2339 1551 2376 nocturnum
1597 2335 1784 2388 piscatus

989 2405 1123 2445 genus
1154 2391 1425 2441 discernitur3
1458 2390 1567 2432 conf.
1601 2405 1710 2443 quae
1731 2392 1785 2432 de

991 2462 1044 2490 ea
1061 2461 1108 2489 re
1138 2447 1333 2501 exposuit
1351 2447 1699 2489 Casaubonus
1731 2449 1785 2489 a'd

918 2498 920 2502 ’
989 2505 1143 2547 Athen.
1156 2505 1250 2547 XV.
1271 2509 1405 2558 p.355
1416 2519 1506 2558 sqq.
1522 2505 1574 2546 T.
1588 2506 1699 2547 vm.
1716 2506 1785 2546 ed.

990 2561 1501 2615 Schweighaeuser.

987 2619 1249 2662 Nocturnam
1270 2619 1542 2672 piscationem
1567 2619 1791 2671 descripsit

1567 2577 1608 2616 p.
1683 2567 1779 2605 347.

960 2677 1269 2729 ·Oppianus
1304 2676 1491 2717 Halieut.
1525 2676 1597 2718 IV.
1633 2689 1672 2714 v.
1705 2680 1787 2715 640

980 2746 1080 2784 sqq.
1097 2745 1223 2784 quem
1242 2734 1380 2773 locum
1401 2733 1482 2772 iam
1495 2732 1582 2773 Fis
1595 2730 1648 2773 ch
1662 2745 1684 2772 e
1697 2745 1751 2772 ru
1765 2745 1786 2772 s

979 2788 1169 2829 vconferri
1199 2789 1332 2829 iussit.
1395 2788 1596 2830 Ceterum
1627 2789 1784 2830 verbo-

985 2858 1080 2887 rum
1115 2845 1362 2886 consecutio
1393 2849 1437 2885 et
1459 2844 1565 2886 ordo
1595 2844 1661 2885 hic
1692 2850 1783 2888 est:

985 2896 1035 2942 τὸ
1066 2901 1141 2954 μὲν
1169 2899 1411 2953 νυκτερινὸν
1441 2902 1526 2952 τῆς
1557 2900 1784 2955 πληκτικῆς

985 2959 1254 3027 συμβέβηκεν,
1274 2973 1312 2998 οι
1299 2960 1407 3011 ἷμαι,
1420 2956 1607 3025 ῥηθῆναι
1624 2974 1679 3000 m
1684 2974 1782 3028 ρευ-

985 3014 1102 3067 'unffi‘
1142 3011 1224 3055 ὑπ,
1269 3013 1410 3056 “uzu-'12‘
1450 3015 1531 3055 τῶν
1572 3016 1668 3083 περι
1707 3031 1783 3069 ’ῑην

983 3070 1075 3126 θηι
1080 3084 1149 3119 αν
1181 3068 1257 3113 ἅτε
1284 3068 1534 3126 γιγνόμενρν
1561 3069 1667 3128 πρὸς
1695 3088 1783 3116 πυ·-

987 3123 1062 3185 ρὸς
1096 3128 1197 3181 φῶς-

1047 3184 1115 3225 Τό
1148 3186 1276 3238 δέγε
1300 3188 1622 3239 μεθημεριν
1634 3183 1782 3237 ‹iv—l

986 3241 1190 3283 Diurnam
1219 3242 1497 3295 piscationem
1521 3248 1655 3294 totam
1687 3257 1784 3285 esse
1822 3294 1824 3296 γ

988 3300 1077 3339 vult
1134 3296 1513 3352 α’γκιστρευτικήν,
1583 3302 1782 3353 quoniam

989 3355 1117 3401 etiam
1148 3355 1343 3397 fuscinae
1373 3356 1414 3409 in
1445 3358 1782 3398 extremitatibus

988 3411 1137 3454 hamos
1172 3413 1370 3455 habeant:
1403 3414 1493 3456 eius
1514 3420 1658 3455 autem
1678 3414 1782 3454 duas
