2028 3750
758 184 1188 250 SOPmS'l'A.
1705 190 1812 254 165

138 339 442 402 ἐθέλοντας
466 333 539 391 ἂν
566 334 1007 407 ἀποκρίνασθαι.
1048 331 1112 391 τὸ
1136 330 1244 406 γὰρ
1279 331 1634 406 ὀμολογηθὲν
1655 330 1811 406 παρὰ

137 418 433 491 βελτιόνων
470 440 580 475 που
620 418 944 492 κυριώτερον
983 416 1020 488 ἢ
1061 414 1126 475 τὸ
1152 414 1304 490 παρὰ
1330 416 1617 490 χειρόνων·
1658 413 1813 486 ἡμεῖς

139 506 198 560 δὲ
239 502 306 559 οὐ
327 499 561 560 τούτων
600 505 990 576 φροντίζομεν,
1043 497 1186 579 ἀλλὰ
1240 500 1492 570 τάληθὲς
1528 500 1812 571 ζητοῦμεν.

265 588 470 642 ΘΕΑΙ.
545 583 884 656 Ὀρθότοιτα.
1858 598 1902 648 Ε

260 666 401 747 Cap.
450 664 743 724 XXXIV.
825 664 939 729 ΞΕ.
1019 669 1218 723 Κέλενε
1275 661 1342 732 δὴ
1396 661 1536 730 τοὺς
1562 666 1812 735 βελτίους

116 750 432 851 ,γεγονότας
486 749 909 824 ἀποκρίνασθαί
964 767 1087 818 σοι,
1140 752 1237 809 καὶ
1287 745 1352 807 τὸ,
1405 751 1610 820 λεχθὲν
1666 744 1811 824 παρ’

138 835 325 893 αὐτῶν
363 833 722 910 ἀφερμήνευε.

264 921 472 975 ΘΕΑΙ.
558 916 734 972 Ταῦτ’
784 918 953 973 ἕσται.

261 998 375 1064 ΞΕ.
456 998 752 1073 Λεγόντων
792 996 860 1068 δὴ
869 994 1108 1099 θνητὸν
1137 999 1277 1066 ζῶον
1304 1003 1351 1057 ει
1376 998 1549 1075 φασὶν
1577 993 1716 1055 εἶναι’
1737 1015 1811 1056 τι.

263 1085 468 1142 ΘΕΑΙ.
547 1085 684 1149 Πῶς
725 1080 780 1140 δ’
830 1078 933 1138 οὔ·
915 1126 931 1152 ,

255 1164 368 1231 ΞΕ.
450 1170 636 1224 Τοῦτο
679 1169 737 1222 δὲ
781 1164 848 1221 οὐ
890 1166 1047 1238 σῶμα
1086 1166 1335 1243 ἔμψυχον
1376 1161 1736 1236 ὁμολογοῦσι,

263 1251 468 1308 ΘΕΛΙ.
549 1249 718 1306 Πάνυ
759 1269 835 1320 γε.

259 1331 378 1397 ΞΕ.
465 1337 728 1398 Τιθέντες
764 1354 820 1388 τι
859 1332 972 1389 τῶν
1012 1324 1191 1389 όντων
1230 1327 1457 1409 ψυχήνς

261 1417 466 1474 ΘΕΑΙ.
549 1420 685 1474 Ναί.

258 1497 377 1564 ΞΕ.
465 1503 533 1557 Τι’
573 1504 663 1571 553
704 1494 889 1576 ψυχὴν
930 1495 994 1555 οὐ
1036 1492 1141 1566 τὴν
1180 1499 1281 1568 μὲν
1323 1498 1565 1561 δικαίαν,
1606 1490 1710 1560 τὴν
1751 1495 1812 1549 δὲ

136 1581 330 1642 ἄδικόν
362 1602 551 1660 φασιν
604 1580 775 1652 εἶναι,
824 1584 918 1639 καὶ
962 1577 1065 1650 τὴν
1116 1581 1218 1653 μὲν
1258 1577 1564 1658 φρόνιμον,
1606 1574 1708 1645 τὴν
1751 1579 1810 1634 δὲ

135 1665 391 1748 ἄφρονας

1842 1418 1950 1471 247

140 1888 247 1946 pari,
276 1887 373 1930 alibi
404 1886 639 1929 docuimus.

253 1944 592 2000 ὁμολογηθὲν
630 1940 767 2000 παρὰ
810 1941 1131 1998 βελτιόνων]
1190 1941 1290 1982 Bas.

137 2000 304 2100 περὶ-Ε.
363 2055 481 2112 παρ’
514 2072 575 2098 αυ
596 2059 694 2097 τῶν
721 2053 876 2111 ἆφερι
878 2055 1089 2108 ιη’νευε]
1152 2055 1204 2095 V.
1242 2050 1512 2108 ἓφερμήνευε.
1572 2047 1812 2106 Receptam

138 2116 367 2194 lectionem
400 2119 573 2157 tuentur
598 2112 726 2157 Bodl.
757 2114 860 2157 Vat.
882 2114 987 2156 Ven.
1018 2112 1136 2156 ΠΛ.
1168 2111 1300 2154 Coisl.
1332 2112 1431 2154 Par.
1463 2110 1564 2152 BE.
1596 2108 1710 2152 Flor.
1730 2109 1783 2151 ·.b

1329 1944 1368 1980 2.
1409 1944 1453 1982 et
1491 1938 1637 1994 Steph.
1669 1950 1815 1981 errore

140 2266 334 2310 medio.
365 2289 424 2298 --
479 2268 546 2310 De
574 2279 667 2309 voc.
696 2266 952 2316 ἅπλετοςν.

1074 2264 1242 2308 Ε.τό
1302 2264 1505 2317 λεχθὲν
1550 2259 1672 2318 παρ’
1722 2260 1812 2305 αὖ

141 2325 391 2367 Pierson.
425 2322 479 2364 ad
507 2324 645 2367 Moer.
679 2338 719 2378 p.
750 2328 819 2367 24.

1017 2342 1082 2366 τω
1065 2319 1510 2378 διαφερμήνευε]
1579 2318 1707 2362 Quod
1757 2319 1814 2359 de.

197 2382 251 2423 D.
310 2378 566 2422 Μάλιστα
596 2383 690 2435 μέν
721 2402 777 2410 -·
805 2381 852 2421 εἰ
881 2380 936 2422 δὲ

142 2442 311 2479 τοῦτο
328 2437 397 2490 μὴ
419 2438 559 2491 ἐγχ.]
592 2438 745 2479 Genus.
762 2438 937 2490 loquen-

145 2494 189 2536 di
219 2494 377 2535 affatim
406 2494 666 2537 illustrarunt
694 2493 933 2536 Boeckh.

144 2552 189 2592 in
224 2551 339 2592 Plat.
376 2550 481 2592 Min.
523 2565 564 2604 p.
608 2555 676 2591 87.
706 2551 935 2604 Kriiger.

144 2607 201 2650 ad
224 2607 439 2659 Dionys.
462 2621 503 2659 p.
523 2612 590 2647 27.
618 2608 938 2650 Herrmann.

146 2664 203 2706 ad
233 2663 408 2704 Lucian.
439 2663 505 2705 De
535 2664 743 2705 conscrib.
774 2663 867 2704 hist.
897 2676 939 2717 p.

146 2725 246 2761 284.
305 2719 513 2761 Addimus
578 2719 718 2760 Plat.
778 2719 940 2772 Theag.

149 2792 191 2832 p.
237 2780 337 2815 125.
391 2776 442 2817 Β.
487 2771 694 2827 τύραννος
741 2778 944 2827 γενέσθαι

148 2832 333 2888 μάλιστα
348 2833 447 2903 μὲν
481 2848 537 2873 πα
546 2846 649 2873 ιτων
692 2829 942 2886 ἀνθρώπων,

150 2891 188 2931 εἰ
220 2890 261 2930 δὲ
298 2886 380 2943 μή,
419 2886 447 2929 δ’
484 2904 528 2928 τι
582 2887 798 2929 πλείστωι.
844 2888 942 2928 De·-

151 2944 421 2989 mosthen.
472 2944 526 2988 de
568 2945 721 2985 Coton.
762 2958 802 2998 p.
847 2947 941 2983 260.

153 3003 221 3046 ed.
251 3002 398 3044 Reisk.
428 2999 548 3042 ὥστε
560 3000 747 3055 μάλιστα
780 3002 854 3054 μὲν
883 3015 941 3054 μη

151 3064 302 3101 θεῖναι
331 3057 406 3098 τὸν
435 3056 570 3111 νόμον
599 3061 782 3108 τοῦτον,
823 3056 860 3096 εἰ
902 3057 946 3098 δὲ

154 3134 239 3173 μη,
271 3131 364 3155 κατ(
351 3114 569 3167 αβαλόντα
602 3114 674 3156 ἐᾶν
702 3114 744 3152 ἒν
771 3111 945 3166 ὑπωμο-

155 3174 239 3225 σίᾳ.
285 3171 389 3213 lbid.
432 3185 474 3225 p.
520 3175 614 3211 282.
627 3169 842 3238 μάλιστα
871 3170 946 3223 μὲν

155 3229 234 3282 τὴν
262 3228 344 3283 πρὸ
351 3245 370 3276 ς
406 3226 516 3280 ἡμᾶς
550 3226 634 3280 ὁμο
613 3240 756 3267 ονοιαν
797 3226 947 3278 διατη-

156 3302 218 3343 ρει
205 3292 244 3326 ἲν
271 3285 342 3326 καὶ
364 3283 444 3331 τὰς
472 3282 705 3335 συνθήκας,
735 3285 771 3323 εἰ
798 3283 840 3323 δὲ
871 3282 947 3335 μή,

158 3341 267 3398 πρὸς
315 3339 364 3384 τὸ
424 3339 750 3394 βουλεύσασθαι.
795 3340 949 3385 δοῦναι

159 3399 316 3458 χρόνον
344 3402 395 3453 τῇ
425 3395 561 3442 πόλει.

1018 2382 1264 2424 coniectura
1305 2379 1496 2432 reposuit
1534 2377 1580 2425 H
1590 2390 1613 2418 e
1624 2377 1636 2417 i
1648 2390 1672 2417 ιι
1684 2375 1711 2416 d
1722 2389 1746 2416 o
1759 2389 1779 2417 r
1790 2400 1812 2407 -

1018 2439 1127 2480 sius
1186 2435 1369 2491 ἄφεριιήι
1359 2450 1446 2476 mre
1504 2446 1583 2488 pro
1641 2435 1814 2485 vulgato

1019 2491 1295 2549 ἓφερμήνευε,
1333 2492 1375 2534 id
1412 2505 1520 2534 nunc
1557 2491 1815 2544 optimorum

1020 2552 1215 2594 codicum
1234 2549 1486 2592 auctoritate
1515 2549 1574 2589 ita
1604 2548 1816 2589 firmatum

1025 2614 1116 2661 est,
1165 2611 1214 2649 ut
1258 2606 1311 2648 de
1348 2607 1436 2649 eius
1479 2605 1656 2651 veritate
1699 2604 1816 2643 nulla

1025 2678 1124 2707 esse
1151 2663 1287 2718 possit
1306 2661 1607 2703 controversia.
1664 2659 1814 2702 Enim-

1024 2734 1127 2762 vero
1169 2717 1465 2774 ἓφερμηνεύειν
1505 2721 1570 2758 est
1618 2716 1679 2756 ad
1716 2715 1817 2756 ali-

1024 2776 1158 2830 quid
1208 2787 1488 2827 ,exponere
1534 2773 1623 2814 sive
1673 2772 1816 2812 insu-

1024 2846 1123 2887 per
1155 2831 1459 2885 explicare3
1487 2829 1601 2883 quod
1631 2828 1697 2870 hic
1722 2828 1818 2880 qui-

1027 2889 1151 2940 dem,
1188 2887 1259 2928 ubi
1288 2899 1356 2928 res
1385 2891 1467 2927 hon
1498 2891 1666 2940 praeter
1694 2885 1817 2928 aliam

1027 2944 1267 2998 quampiam
1286 2943 1530 2995 explicanda
1550 2942 1820 2996 significatur,

1028 3002 1196 3047 ommno
1245 2999 1473 3045 absurdum
1526 3004 1604 3040 est.
1671 2999 1822 3042 Quan-

1028 3071 1152 3110 quam
1182 3056 1391 3099 immerito
1421 3055 1625 3096 dubitavit
1647 3055 1691 3100 H
1710 3056 1822 3097 ein-

1029 3115 1054 3156 d
1071 3128 1096 3154 o
1112 3113 1264 3165 rrius,
1296 3125 1393 3162 num
1423 3111 1722 3167 ἐφερμηνεύειν
1747 3125 1835 3153 ομ·

1029 3184 1155 3224 quam
1197 3169 1306 3223 apud
1345 3169 1577 3222 scriptores
1627 3169 1821 3210 Graecos

1030 3227 1276 3280 reperiatur.
1311 3225 1420 3273 =Nam
1443 3224 1823 3278 frequentissimum

1030 3297 1127 3325 esse
1147 3282 1261 3324 verbi
1279 3294 1402 3322 usum
1422 3281 1701 3323 docueruntB
1713 3282 1763 3322 oi
1779 3295 1822 3320 s-

1030 3354 1053 3388 s
1064 3354 1089 3383 ο
1099 3352 1126 3383 u
1136 3353 1161 3382 a
1173 3339 1214 3382 d.
1254 3337 1311 3383 ad
1347 3336 1597 3385 Philostrati
1647 3332 1821 3384 Heroic.
1834 3367 1836 3369 -
