2028 3750
587 161 591 164 ’
624 171 711 224 An
752 168 1252 220 ΤΗΕΑΕΤΕἹἩΜ.
1734 168 1804 218 27

136 321 180 369 si
217 320 469 368 scientiam
516 316 622 364 reri
666 319 884 382 teneant.
968 312 1139 376 ltaque
1187 326 1429 377 apparere
1476 311 1810 360 luculentissi-

136 407 244 451 me,
295 389 549 458 scientiam
601 393 653 435 et
699 386 980 450 opinionem
1034 384 1240 433 multum
1288 384 1420 432 inte-r
1465 400 1521 432 se
1570 383 1810 444 differre5

130 461 187 510 P.
224 463 343 514 20⁰.
381 460 422 507 D
462 487 528 495 —
567 459 686 507 2⁰1.
727 459 783 507 (ἶ.

273 574 383 637 Hac
433 589 863 651 argumentatione
911 587 1192 632 commotus
1241 582 1551 631 Theaetetus
1608 583 1811 646 tertiam

136 659 334 708 tandem
373 659 522 707 affert
548 660 789 707 scientiae
826 655 1180 703 definitionem.
1255 655 1443 703 Censet
1482 655 1610 702 enim
1649 655 1812 703 seien-

135 732 255 779 tiam
308 731 432 779 nihil
484 747 596 778 esse
633 730 769 777 alind
804 742 948 792 quam
985 741 1187 772 veram
1237 727 1608 790 opinionem
1645 722 1813 790 μετὰ
1894 745 1897 747 -

132 797 378 868 λόγους
429 800 485 850 P.
543 802 662 849 201.
711 799 770 850 l).
845 796 989 859 Quod
1029 797 1226 859 quidem
1264 798 1374 864 ipse
1412 797 1724 845 Theaetetus
1763 814 1814 862 p.

134 873 254 922 206.
289 872 345 921 C.
385 871 444 920 D.
482 866 670 935 triplici
703 869 854 919 modo
889 868 1272 931 interpretatur.
1358 867 1595 916 Socrates
1643 876 1811 917 tamen

132 942 256 995 nibil
295 942 474 990 horum
496 941 730 989 xomnium
769 939 831 988 ad
867 937 1264 1005 patefaciendam
1312 939 1552 987 scientiae
1589 947 1813 989 naturam

133 1015 389 1081 pertinere
425 1013 709 1068 arbitratur.
755 1044 760 1047 «

276 1143 350 1192 Ac
386 1142 600 1206 primum
645 1140 844 1204 quidem
882 1138 1031 1187 hui-‚us
1057 1139 1337 1187 sententiae
1373 1137 1723 1202 interpretatio
1752 1137 1813 1184 ab

137 1213 424 1262 Theaeteto
475 1212 773 1278 proponitur
819 1211 974 1276 haec,
1023 1215 1082 1258 ut
1128 1204 1268 1277 μετὰ
1299 1204 1468 1275 λόγου
1506 1209 1816 1274 intelligatur

136 1301 276 1334 cum
325 1284 774 1349 explicatione
821 1281 1040 1330 verbis
1090 1296 1424 1345 expressa.
1508 1281 1665 1342 Quam
1704 1280 1816 1344 qui-

136 1356 250 1406 dem
299 1370 473 1421 parum
520 1356 750 1406 idoneam
789 1368 906 1402 esse
962 1351 1198 1401 Socrates
1252 1354 1430 1402 exinde
1468 1352 1644 1413 docet,
1684 1349 1816 1415 quod

140 1429 350 1492 quisque
388 1427 569 1483 homo,
610 1427 729 1490 quid
765 1425 828 1474 de
865 1440 1060 1489 quaque
1094 1439 1153 1472 re
1189 1425 1400 1484 sentiat,
1444 1425 1610 1472 verbis
1649 1423 1816 1489 expri-

135 1503 277 1551 me're
321 1499 510 1563 possit,
558 1497 774 1561 ideoque
824 1512 970 1544 omne
1019 1494 1232 1544 tollatur
1285 1497 1419 1544 inter
1467 1497 1722 1544 scientiam
1764 1500 1817 1543 et

134 1587 300 1620 veram
356 1570 638 1633 opinionem
687 1569 982 1626 discrimen,
1031 1566 1176 1631 quale
1236 1567 1551 1616 statuendum
1604 1583 1718 1616 esse
1764 1568 1822 1615 in*

130 1641 482 1762 gggorgribus
556 1642 625 1690 sit
697 1654 1021 1700 concessum3
1093 1638 1153 1689 P.
1218 1638 1339 1688 206.
1398 1638 1440 1687 D
1479 1665 1550 1675 —--
1580 1639 1645 1707 E.
1683 1637 1814 1705 coll.

250 1813 438 1863 'Aliam
486 1811 640 1875 igitur
685 1807 1001 1859 ‘Theaetetus
1051 1808 1254 1874 profert
1298 1811 1373 1871 rei
1419 1809 1816 1874 explicationem.

138 1884 277 1933 Nam·
311 1877 449 1950 μετὰ
497 1876 666 1948 λόγου
716 1882 786 1930 ait
833 1880 1145 1945 significare:
1202 1880 1296 1929 ita
1338 1886 1406 1929 ut
1450 1887 1661 1930 totum
1705 1895 1819 1945 per

143 1960 375 2020 partes
414 1954 795 2003 declaretur
829 1951 1104 2016 ideoque
1145 1953 1242 2000 rei
1282 1951 1607 2006 elementa
1655 1967 1835 2005 enu-,

126 2031 490 2077 'merentum
533 2023 727 2075 .Velut
773 2038 924 2087 quum
975 2024 1085 2087 quis
1134 2022 1197 2070 de
1234 2039 1410 2072 currus
1455 2027 1627 2072 natura
1664 2024 1820 2073 inter·
1881 2029 1886 2041 ¹

141 2106 349 2162 rogatus
395 2102 630 2145 recenset
666 2095 834 2159 ligna,
885 2109 944 2142 ex
997 2095 1175 2159 quibus
1212 2086 1483 2143 fabricatus
1521 2100 1627 2153 est,
1664 2102 1821 2153 rotas,

145 2168 267 2217 alias
304 2170 411 2217 eius
451 2173 651 2233 partes5
687 2172 773 2215 aut
809 2181 958 2230 quum
996 2167 1059 2214 de
1096 2165 1319 2215 Socratis
1373 2168 1573 2215 nor-nine
1616 2171 1823 2230 rogatus

149 2240 368 2305 singulas
431 2241 539 2288 eius
601 2238 774 2287 literas
824 2253 882 2292 ac
932 2236 1148 2300 syllabas
1189 2245 1443 2293 recenset.
1494 2237 1551 2286 Ρ.
1600 2238 1718 2285 207.
1765 2237 1824 2286 Α.

146 2313 306 2373 Quam
355 2310 651 2358 sententiam
701 2309 935 2359 Socrates
991 2310 1246 2374 impugnat
1289 2311 1388 2369 ita„
1437 2315 1493 2358 nt
1536 2310 1631 2357 iam
1679 2314 1825 2357 antea

149 2383 282 2443 eius,
321 2383 404 2446 qui
439 2380 572 2430 illam
612 2381 871 2440 tuebatur,
910 2380 975 2427 de
1010 2379 1090 2428 his
1130 2381 1280 2430 rebus
1317 2382 1600 2444 opinionem
1653 2381 1826 2446 paucis

148 2454 475 2502 illustraverit
526 2452 606 2515 (P.
644 2454 763 2501 21⁵1.
801 2452 842 2500 l)
879 2478 942 2487 --
990 2449 1248 2520 2⁰6..1).).
1320 2452 1440 2501 Fuit
1475 2460 1643 2501 autem
1685 2452 1828 2502 baec.

147 2525 411 2574 Elementa
448 2539 505 2571 ac
541 2524 783 2588 principia
818 2538 984 2573 rerum
1030 2523 1211 2571 nullam
1251 2523 1422 2572 ferunt
1471 2523 1830 2581 definitionem,

150 2595 242 2650 sed
289 2600 483 2644 tantum
525 2595 910 2665 nominationem
968 2596 1221 2660 propriam
1272 2591 1472 2644 babent.
1554 2596 1655 2643 Sed
1706 2609 1833 2657 quae

154 2685 216 2716 ex
261 2667 324 2722 iis
373 2667 650 2731 composita
695 2673 840 2725 sunt,
890 2681 950 2714 ea
996 2682 1089 2730 per
1124 2666 1208 2714 illa
1243 2666 1351 2730 ipsa
1390 2667 1635 2714 elementa
1674 2664 1833 2728 expli-
1889 2662 1896 2674 '

156 2739 256 2787 cari
294 2755 351 2787 ac
385 2738 585 2786 ‘definiri
621 2744 858 2801 possiunt,
896 2752 994 2800 quo
1031 2738 1145 2800 ipso
1181 2736 1308 2785 fiunt
1342 2731 1576 2802 γνωστοὶ.
1660 2735 1835 2799 ltaque

157 2809 400 2874 principia
428 2813 502 2872 (et
553 2807 800 2856 elementa
835 2807 954 2856 solis
992 2808 1220 2855 sensibus
1258 2808 1603 2872 percipiuntur
1639 2805 1836 2854 seclusa

159 2879 342 2927 mentis
388 2878 700 2941 co'gnitione3
747 2876 835 2924 sed
886 2893 1012 2939 quae
1058 2877 1173 2925 inde
1222 2879 1431 2925 conflata
1480 2883 1617 2936 sunt,
1673 2878 1738 2925 de
1773 2877 1837 2925 iis

160 2965 278 2998 vera
334 2949 503 3014 opinio
552 2963 663 2996 cum
713 2947 1000 2996 definitione
1044 2949 1411 3012 perspicuaque
1447 2949 1626 2997 mentis
1663 2948 1837 3012 cogni-2

161 3018 303 3071 tione'
362 3020 526 3068 locum
580 3018 747 3069 habet.
845 3018 1014 3080 Atque
1063 3018 1190 3067 haec
1241 3019 1352 3082 ipsa
1399 3015 1694 3069 scientia·
1741 3024 1837 3078 est,

165 3108 313 3157 quum
362 3091 411 3139 in
461 3090 707 3139 elementa
750 3088 836 3136 illa
878 3103 1028 3136 vera
1076 3090 1296 3153 opinio
1334 3095 1522 3140 tantum
1563 3091 1836 3139 conveniat.

168 3162 316 3224 Quod
364 3178 462 3225 quo
516 3162 694 3210 clarius
740 3164 1004 3225 appareat,
1050 3160 1234 3208 iuvabit
1282 3161 1518 3210 vocabula
1564 3176 1839 3224 eorumque

170 3235 446 3292 elementa,
514 3232 612 3290 hoc
684 3240 790 3291 est,
828 3230 1082 3290 'litteras‚
1139 3231 1544 3282 considerat-isse.
1636 3233 1839 3284 Etenim

171 3305 362 3370 syllaba
414 3318 640 3367 quaeque
691 3318 785 3368 per
821 3302 1044 3361 litteras,
1093 3317 1154 3350 ex
1191 3304 1368 3367 quibus
1401 3309 1630 3361 constat,
1668 3302 1838 3359 defini·

170 3381 254 3436 tul·
301 3384 452 3448 atque
497 3375 843 3441 cognoscitur3
888 3373 1093 3426 litterae
1133 3374 1297 3441 ipsae¹
1331 3391 1447 3430 vcro
1499 3375 1840 3441 percipiuntur
