2028 3750
236 223 305 273 1ss
817 211 1340 269 PnoLEGoMENA

235 381 295 416 ex
345 379 441 430 quo
489 364 699 429 apparet
737 354 1163 414 luculentissime,
1201 370 1347 409 unum
1387 353 1696 426 eundemque
1734 371 1906 421 nume*

230 454 341 488 rum
381 436 529 486 modo
567 435 803 483 maiorem
843 437 978 492 esse,
1015 432 1164 479 modo
1201 433 1471 491 minorem3
1509 433 1638 496 quod
1667 435 1906 497 profecto

231 520 328 559 non
367 512 543 573 posset
577 506 648 552 ita
682 503 942 561 accidere,
979 503 1021 550 si
1058 503 1251 550 numeri
1286 503 1335 550 ἱιι
1373 519 1429 550 se
1465 505 1678 552 absoluti
1716 511 1904 554 certam

227 580 444 644 aliquam
487 580 897 641 constantemque
942 571 1330 637 magnitudinem
1377 568 1426 622 in
1476 590 1532 622 se
1571 576 1902 639 comprehen-

229 651 427 700 derent.
465 648 517 695 P.
558 645 675 692 154.
714 645 772 694 A.
814 671 878 679 —
917 645 1022 693 155
1077 643 1136 694 Ε.
1211 641 1456 705 Quocirca
1499 646 1571 692 sic
1611 648 1902 695 existiman-

229 713 345 771 dum
395 725 500 767 est.
548 721 755 780 praeter
790 719 982 763 motum
1030 719 1083 770 et
1119 715 1444 763 mutationem
1483 715 1606 764 nibil
1639 733 1788 777 esse,
1826 723 1901 766 at·
1918 764 1922 768 ,

229 805 327 856 que
365 789 526 840 omnia
563 787 679 836 iude
717 787 958 852 originem
1000 785 1203 834 trabere
1240 801 1395 834 suam.
1469 787 1596 834 Sunt
1640 802 1770 836 κει-ο
1795 805 1902 837 mo

225 869 364 911 tuum
415 875 597 925 genera
654 859 782 918 duo,
839 858 1049 905 alterum
1100 858 1148 905 in
1196 858 1417 921 agendo,
1467 858 1680 907 alterum
1726 860 1775 907 in
1816 873 1902 923 pa-

225 932 396 983 tiendo
445 930 786 994 conspicuum.
868 930 1006 991 Quae
1055 927 1214 977 sicubi
1261 929 1395 976 inter
1443 944 1499 976 se
1545 930 1754 978 invicem
1791 930 1902 979 iun-

225 1009 427 1069 guntur,
466 999 684 1050 alterum
718 1014 895 1049 seusus
927 1000 1125 1059 existit
1175 1000 1386 1048 alterum
1426 1000 1626 1055 sensile.
1698 1000 1901 1049 Etenim

223 1076 278 1124 id
314 1074 447 1139 quod
484 1078 741 1130 movetur,
769 1072 864 1120 ubi
898 1071 1110 1120 incurrit
1146 1071 1195 1119 in
1233 1071 1464 1130 oculum,
1506 1071 1615 1119 uisu
1662 1081 1777 1120 enm
1811 1087 1901 1120 re-

223 1140 351 1212 plet,
403 1138 666 1212 efficitque
715 1148 770 1189 ut
816 1141 1012 1190 videat.
1064 1143 1228 1206 ipsum
1277 1146 1444 1190 autem
1491 1141 1638 1189 simul
1687 1142 1900 1206 aliquam

223 1215 525 1266 nanciscitur
570 1214 884 1278 qualitatem,
936 1219 993 1261 ιιι
1038 1228 1185 1277 quum
1236 1212 1464 1261 albedine
1501 1213 1756 1278 repletur,
1803 1228 1902 1278 quo

223 1289 302 1348 fit,
338 1293 396 1336 ut
432 1286 594 1334 album
633 1287 879 1345 rideatur,
918 1285 1036 1333 licet
1072 1300 1164 1349 per
1201 1299 1257 1331 se
1283 1299 1376 1332 nec
1402 1284 1566 1332 album
1589 1299 1684 1332 nec
1706 1285 1902 1351 nigrum

223 1361 320 1418 εἰη
365 1372 464 1422 quo
516 1356 713 1421 quidem
763 1357 937 1405 colore
983 1361 1084 1404 tam
1129 1355 1212 1403 diu
1258 1355 1454 1420 insigne
1490 1359 1614 1416 «est,
1670 1355 1905 1420 quamdiu

224 1430 533 1494 conspicitur
569 1428 749 1478 oculis.
785 1426 841 1476 P.
885 1427 999 1475 154.
1035 1427 1080 1475 A
1117 1454 1183 1463 -
1225 1423 1348 1477 155.
1385 1426 1446 1474 E.
1519 1425 1693 1490 ltaque
1745 1427 1902 1491 quali·

223 1507 360 1552 tates
409 1516 578 1548 rerum
623 1515 794 1548 omnes
842 1515 901 1547 ex
949 1498 1142 1563 agentis
1189 1504 1242 1546 et
1279 1497 1515 1561 patientis
1551 1499 1903 1547 coniunctione

221 1573 466 1632 oriuntur,
504 1587 667 1634 neque
706 1570 969 1634 quidquam
1008 1585 1176 1627 esse,
1214 1570 1301 1617 sed
1340 1568 1500 1618 fieri.
1534 1570 1702 1632 potius
1738 1571 1902 1619 omnia

221 1643 432 1694 dicenda
468 1649 609 1702 suut3
646 1641 700 1690 Ρ.
747 1642 859 1691 156.
897 1640 955 1688 A.
992 1668 1063 1676 »-
1100 1640 1216 1688 157.
1256 1639 1313 1688 D.
1356 1666 1413 1674 ——·
1492 1640 1735 1702 Quocirca
1758 1640 1900 1704 quid-

222 1715 339 1780 quid
391 1715 635 1773 sentitur,
682 1713 732 1760 id
784 1714 932 1760 ctiam
978 1729 1035 1760 re
1082 1727 1201 1758 vera
1238 1716 1344 1770 est,
1381 1715 1625 1774 recteque
1667 1711 1901 1761 iudicavit

219 1786 524 1850 Protagoras
575 1785 1001 1832 hominem-»esse
1037 1798 1206 1830 rerum
1244 1782 1460 1830 omnium
1497 1797 1809 1844 mensuram,
1844 1783 1901 1835 h.

221 1874 300 1916 e.,
351 1872 494 1905 suum
545 1856 725 1920 cuique
759 1869 962 1903 sensum
998 1854 1231 1903 idoneum
1271 1869 1387 1901 esse
1423 1853 1530 1901 veri
1566 1852 1794 1903 iudicem.
1817 1862 1901 1902 at-

220 1944 320 1993 que
363 1928 619 1977 arbitrum.
667 1932 738 1962 —‘-
820 1927 887 1974 At
939 1926 1067 1975 enim
1125 1941 1242 1972 vero
1299 1925 1384 1973 hic
1440 1924 1619 1988 aliquis
1651 1929 1901 1990 ‘opponat

216 1997 368 2056 illud,
409 1999 541 2063 quod
575 1998 804 2046 homines
843 2011 1205 2059 saepenumero
1242 1995 1370 2044 falsa
1405 1996 1634 2043 sensibus
1655 2000 1758 2044 suis
1783 2012 1901 2060 per·—

219 2070 443 2136 cipiunt,
480 2076 536 2118 ut
574 2085 724 2133 quum
759 2068 1046 2127 insomniis,
1086 2068 1307 2124 morbis,
1359 2067 1547 2114 insania
1595 2067 1900 2129 deluduntur

216 2142 347 2191 falsa
384 2141 568 2206 specie.
643 2141 782 2202 Quae
819 2145 984 2187 tamen
1022 2139 1240 2186 obiectio
1278 2137 1390 2186 fere
1422 2137 1555 2185 nulla
1605 2144 1698 2185 est.
1770 2137 1898 2187 Nam

219 2228 369 2277 quum
398 2211 840 2274 -rerum'ipsarum
874 2210 1057 2257 veritas
1094 2208 1290 2257 aliunde
1327 2224 1570 2272 suspensa
1619 2210 1688 2257 sit
1732 2223 1896 2274 neque

218 2299 314 2349 per
352 2300 408 2331 se
445 2284 714 2342 consistat,
754 2295 1067 2343 consequens
1106 2285 1213 2339 est,
1251 2285 1307 2328 ut
1342 2280 1502 2344 qualis
1541 2285 1621 2328 est
1659 2280 1740 2344 qui
1779 2297 1896 2328 sen-

217 2355 314 2414 tit,
352 2354 467 2403 talia
514 2352 616 2401 siut
658 2354 807 2402 etiam
855 2364 981 2415 quae
1027 2352 1088 2400 ab
1125 2353 1237 2416 ipso
1276 2353 1570 2402 sentiantur.
1643 2349 1817 2401 Veluti
1854 2352 1898 2400 si

215 2426 365 2474 alicui
404 2425 685 2489 aegrotanti
719 2428 805 2472 aut
836 2423 1100 2471 insanienti
1136 2425 1319 2482 vinum,
1359 2422 1489 2486 quod
1524 2421 1726 2482 biberit,
1765 2439 1900 2472 ama-

217 2511 330 2546 rum
379 2511 497 2544 esse
533 2496 790 2554 videatur,
839 2498 925 2541 aut
960 2493 1091 2541 aliud
1131 2494 1363 2557 quiddam
1402 2494 1553 2561 aliter
1589 2499 1739 2558 atque
1776 2509 1898 2543 sano

195 2572 590 2632 comparatum,
626 2571 732 2615 tum
770 2579 890 2613 vero
927 2565 1050 2613 illud
1086 2570 1262 2614 revera
1299 2571 1379 2614 est
1414 2565 1545 2624 tale,
1596 2565 1742 2628 quale
1780 2581 1899 2615 esse
1978 2608 1984 2613 x

217 2640 447 2698 videtur,
484 2637 728 2702 siquidem
781 2651 926 2684 esse
973 2635 1106 2684 idem
1144 2642 1225 2685 est
1261 2637 1397 2700 quod
1430 2635 1657 2684 videri.
1730 2638 1898 2687 Acce-.-

216 2708 295 2758 dit
340 2709 475 2774 quod
521 2725 647 2773 quae
693 2708 995 2757 somniantes
1039 2713 1126 2756 aut
1163 2707 1465 2756 insanientes
1504 2708 1769 2771 percipere
1807 2723 1895 2757 no·-

219 2782 299 2830 bis
335 2781 592 2840 videmur,
626 2780 751 2828 falsa
789 2794 903 2827 esse
938 2778 1073 2827 nullo
1120 2778 1270 2827 modo
1319 2778 1654 2827 demonstrari
1701 2786 1894 2842 potest,
1984 2780 1997 2794 '

216 2852 614 2917 quandoquidem
663 2850 795 2900 nulla
842 2855 922 2899 cst
970 2851 1077 2901 veri
1111 2855 1257 2908 nota,
1295 2865 1391 2913 qua
1427 2865 1630 2898 somnus
1667 2865 1695 2897 a
1730 2851 1896 2916 vigilia

211 2922 554 2984 discernatur,
612 2922 902 2971 morborum
959 2927 1129 2970 autem
1184 2926 1372 2980 status,
1431 2936 1581 2985 quum
1639 2919 1754 2969 fere
1803 2937 1895 2985 per

212 2993 369 3041 breve
423 3000 614 3044 tantum
662 2999 864 3058 tempus
907 2995 1090 3042 durare
1138 2992 1329 3049 soleat,
1378 2997 1545 3041 tamen
1594 3006 1692 3041 non
1739 2991 1893 3041 debet

213 3063 541 3113 diuturnitate
567 3064 774 3114 iudicari
806 3069 957 3129 atque
992 3065 1274 3123 aestimari3
1309 3063 1370 3113 P.
1409 3062 1526 3112 157.
1564 3061 1626 3111 E.
1666 3088 1735 3101 —
1771 3063 1890 3115 161.

213 3134 270 3184 B.
343 3134 535 3185 Verum
582 3136 711 3183 aliud
760 3136 879 3199 quid
919 3137 1038 3185 huic
1095 3135 1407 3199 Protagorae
1465 3134 1649 3182 rationi
1704 3135 1890 3197 opponi

214 3220 369 3274 posse
411 3205 622 3254 videtur.
705 3206 867 3256 Erunt
910 3209 1070 3267 enim,
1116 3206 1200 3270 qui
1235 3210 1474 3263 censeant
1515 3220 1577 3252 ex
1614 3218 1674 3253 ea
1709 3218 1887 3253 conse»-

216 3277 298 3342 qui
336 3275 463 3336 hoc,
501 3280 558 3324 ut
594 3290 747 3334 sues,
785 3292 958 3339 canes,
998 3278 1214 3342 denique
1247 3276 1433 3325 bestias
1471 3291 1569 3325 uon
1605 3275 1766 3324 minus
1802 3291 1889 3324 sa·-

215 3363 339 3414 pere
378 3363 521 3414 quam
559 3346 786 3395 homines
824 3348 1028 3399 iudicari
1076 3351 1339 3414 oporteat,
1390 3348 1553 3408 ipsum
1589 3351 1755 3396 autem
1789 3345 1889 3395 ho·-

213 3419 395 3470 minem
434 3419 556 3485 ipsis
594 3417 686 3468 diis
724 3417 822 3466 hoc
858 3423 1056 3474 nomine
1090 3418 1507 3487 aequiparandum
1544 3433 1676 3469 esse.
1748 3418 1887 3482 Quos
