2028 3750
706 234 794 287 AD
831 233 1236 309 sornisTAM.
1731 233 1804 289 13

127 392 305 428 caussa
341 382 446 438 est,
503 391 591 425 cur
637 374 781 424 aliam
831 375 1116 440 disputandi
1162 376 1404 425 rationem
1453 373 1804 441 adoptaverit‘!

129 443 219 500 cur
256 449 606 512 quaestionem
667 448 812 495 istam
866 447 929 495 de
978 448 1217 513 Sophista
1268 447 1529 513 {copulavit
1579 464 1690 497 cum
1740 461 1802 494 eo

127 524 458 584 argumento,
522 517 656 580 quod
701 519 908 582 proprie
957 518 1313 581 exquirendum
1363 519 1600 568 sumsisse
1645 518 1806 568 videri

128 592 322 645 debet?
393 588 634 638 Nimirum
684 587 809 636 haec
858 593 1006 651 atque
1054 589 1146 636 alia
1194 589 1244 636 id
1292 605 1448 653 genus
1502 590 1570 638 ita
1606 590 1806 639 demum

128 665 371 727 poterunt
406 665 547 707 recte
583 658 795 722 intelligi
831 664 979 721 atque
1017 659 1305 720 diiudicari,
1355 661 1398 708 si
1436 661 1654 711 universi
1689 660 1807 726 libri

129 736 478 795 argumentum
526 745 623 777 uno
675 730 816 793 quasi
862 731 1043 777 mentis
1090 731 1267 779 obtutu
1310 732 1804 798 consideraverimus.

129 795 277 864 Quod
325 816 422 864 quo
474 799 670 848 facilius
721 799 834 847 fieri
896 800 1060 864 possit
1118 802 1178 848 ab
1238 804 1491 862 omnibus,
1551 819 1644 867 age
1691 808 1808 852 ante

131 874 293 922 omnia
329 887 472 920 more
506 876 683 919 nostro
719 870 1068 933 disputationis
1105 887 1345 919 summam
1392 874 1462 920 ita
1508 874 1809 934 reseramus,

129 942 188 992 ut
224 940 702 1004 eundem'partium
756 940 979 988 ordinem
1031 942 1339 1004 eandemque
1390 960 1556 991 earum
1608 945 1807 993 iunctu-

127 1029 234 1063 ram
281 1027 562 1070 servemus,
613 1027 756 1072 quam
803 1012 935 1074 apud
974 1007 1164 1074 *ipsum'
1200 1011 1461 1061 Platonem
1511 1017 1809 1080 reperimus.

130 1083 242 1145 Quo
293 1083 427 1131 facto
475 1081 763 1129 conabimur
813 1083 876 1130 de
922 1081 984 1128 iis
1033 1083 1184 1130 rebus
1233 1099 1512 1148 exponere,
1572 1102 1697 1149 quae
1747 1084 1811 1138 ad

129 1154 288 1203 totius
326 1152 440 1200 libri
476 1157 820 1215 argumentum
861 1156 913 1199 et
944 1152 1205 1200 artificium
1244 1154 1588 1203 illustrandum
1625 1157 1810 1220 aliquid

128 1225 368 1275 momenti
414 1222 618 1273 faciant.
699 1222 986 1285 Quanquam
1047 1239 1145 1271 non
1202 1223 1250 1271 id
1299 1225 1443 1273 nobis
1494 1230 1810 1291 propositum

131 1288 241 1355 est,
296 1300 355 1343 ut
415 1293 577 1342 omnia
625 1295 775 1355 atque
838 1293 1029 1356 singula
1076 1295 1307 1343 subtilius
1357 1298 1620 1357 rimemur,
1683 1313 1811 1361 quae

130 1365 281 1416 alicui
315 1365 528 1414 obscura
564 1367 651 1411 aut
688 1364 836 1412 dubia
881 1363 1163 1418 videantur3
1217 1366 1270 1414 id
1320 1368 1449 1415 enim
1501 1369 1740 1418 abhorret
1783 1385 1812 1418 a

128 1442 304 1486 nostro
353 1436 617 1493 institut03
678 1434 803 1482 illud
848 1436 1191 1485 tantummodo
1250 1435 1459 1486 efficere
1508 1441 1813 1501 conabimur,

130 1513 190 1557 ut
239 1508 464 1571 potiores
513 1505 843 1553 difficultates
891 1507 1217 1568 expediantur
1272 1514 1326 1556 et
1372 1509 1525 1557 veluti
1574 1526 1810 1559 accessus

129 1570 192 1626 ad
228 1578 409 1627 librum
446 1577 635 1628 rectius
682 1576 1060 1643 intelligendum
1107 1579 1639 1647 interpretandumque
1687 1597 1809 1646 ape-

127 1651 301 1701 riatur.
671 1643 676 1649 ’

271 1718 366 1768 Est
400 1716 555 1781 igitur
589 1722 938 1783 argumentum
974 1718 1323 1784 disputationis
1361 1722 1471 1770 fere
1506 1724 1620 1772 hoc.

203 1793 205 1796 ’
273 1788 678 1851 Congrediuntur
727 1788 1027 1839 Theodorus
1085 1796 1138 1839 et
1190 1791 1503 1841 Theaetetus
1563 1793 1812 1858 postridie

132 1861 243 1910 eius
287 1859 412 1920 diei,
467 1872 567 1922 quo
613 1858 814 1908 habitus
851 1861 1056 1923 fingitur
1092 1877 1257 1910 sermo
1304 1865 1355 1912 in
1393 1862 1678 1913 'l‘heaeteto
1721 1881 1814 1914 ex-

132 1932 359 1998 positus,
418 1945 530 1981 cum
592 1929 832 1990 Socrate„
897 1932 1046 1979 sicuti
1104 1932 1242 1981 inter
1298 1935 1436 1998 ipsos
1499 1940 1811 1986 convenerat.

131 2001 402 2056 Adducunt
437 2016 606 2049 secum
643 2000 896 2065 hospitem
934 2002 1231 2062 Eleaticum,
1268 2006 1427 2053 virum
1461 1999 1814 2070 philosophiae

90 2135 93 2138 ι
131 2073 282 2140 plane
317 2071 558 2121 deditum.
631 2071 760 2120 Eum
799 2073 985 2120 salutat
1020 2072 1257 2122 Socrates
1292 2092 1467 2138 magna
1518 2094 1626 2125 cum
1665 2078 1812 2125 urba-

131 2146 306 2202 nitate,
342 2157 436 2191 nec
473 2155 593 2189 vero
633 2143 740 2190 sine
775 2143 1026 2203 irrisione,
1063 2145 1306 2206 siquidem
1346 2163 1456 2194 eum
1497 2147 1812 2197 dialecticum
1866 2152 1872 2157 ”

133 2215 347 2278 aliquem
399 2213 682 2278 suspicatur
718 2229 858 2274 esse,
915 2216 997 2277 qui
1046 2213 1325 2264 disserendi
1371 2219 1598 2267 acumine
1645 2219 1812 2267 omnia

133 2285 446 2334 labefactare
514 2287 566 2331 et
623 2285 905 2333 convellere
953 2290 1114 2348 queat.
1199 2287 1274 2334 Ad
1326 2303 1452 2350 quae
1489 2290 1811 2350 Theodorus,

137 2356 253 2406 Non
290 2354 373 2403 hic
409 2368 522 2402 mos
562 2359 668 2414 est,
719 2356 910 2418 inquit,
947 2357 1095 2404 huius
1133 2355 1350 2421 hospitis
1387 2362 1576 2420 nostri,
1615 2362 1696 2424 qui
1733 2366 1816 2411 est

134 2427 303 2485 multo·
349 2424 532 2485 lenior,
606 2424 898 2487 humanior,
969 2426 1246 2475 modestior
1316 2432 1643 2479 contentiosis
1697 2432 1811 2479 istis

137 2496 558 2562 disputatoribus:
608 2497 804 2545 videtur
852 2503 1019 2546 tamen
1054 2498 1142 2545 ille
1178 2498 1366 2547 divinus
1405 2517 1519 2549 esse
1554 2503 1604 2551 in
1645 2502 1810 2566 philo·-

139 2568 345 2632 sophia,
397 2567 477 2614 cui
515 2567 598 2628 qui
633 2575 775 2615 recte
813 2583 1013 2634 operam
1066 2568 1213 2629 dant,
1263 2586 1352 2618 eos
1401 2588 1572 2620 omnes
1621 2572 1811 2621 divinos

139 2639 361 2686 iudicare
411 2635 568 2687 soleo.
642 2638 833 2699 Quibus
883 2639 1060 2686 auditis
1100 2639 1362 2702 Socrates,
1410 2648 1551 2691 recte
1600 2648 1656 2691 tu
1703 2642 1811 2705 qui-2

137 2710 283 2767 dem,
330 2707 515 2768 inquit:
579 2709 670 2756 sed
714 2710 940 2772 ambigua
990 2714 1132 2757 certe
1184 2716 1333 2773 atque
1388 2712 1534 2760 dubia
1582 2714 1811 2777 philoso-

137 2780 352 2844 phorum
390 2777 588 2839 species
628 2782 736 2837 est3
787 2785 1030 2843 apparent
1084 2781 1214 2828 enim
1252 2783 1399 2829 modo
1435 2783 1603 2831 induta
1642 2784 1813 2847 politi-

138 2864 312 2897 corum
348 2863 588 2911 persona,
637 2848 785 2894 modo
833 2850 1170 2913 sophistarum
1217 2866 1396 2899 nomen
1435 2861 1642 2917 gerunt:
1694 2854 1813 2918 quin

137 2918 384 2967 interdum
425 2918 571 2965 etiam
613 2918 892 2966 insanorum
931 2920 1128 2966 nomine
1167 2928 1417 2970 ornantur.
1484 2923 1655 2989 ltaque
1692 2939 1814 2990 pro-

137 2996 285 3039 tenus
327 2989 386 3036 ab
438 2988 638 3050 hospite
686 2989 912 3037 Eleatico
962 2990 1117 3053 petit,
1167 2996 1225 3039 ut
1274 2994 1369 3041 sibi
1419 3002 1664 3058 exponat,
1710 3012 1810 3061 quo

138 3060 341 3108 tandem
399 3059 546 3106 modo
608 3059 859 3123 sophista,
930 3060 1164 3124 politicus
1232 3068 1284 3111 et
1350 3064 1683 3132 philosophus
1745 3067 1809 3119 ab.

138 3131 334 3181 Eleatis
372 3130 757 3192 distinguantur.
857 3174 870 3185 ,

281 3201 360 3248 Ex
404 3200 503 3248 hoc
547 3200 659 3248 loco
704 3201 987 3265 intelligere
1035 3199 1189 3261 licet,
1251 3218 1339 3251 cur
1386 3201 1556 3264 Plato,
1605 3211 1810 3271 postea-

141 3286 284 3335 quam
337 3272 388 3319 in
443 3271 726 3319 Theaeteto
776 3273 836 3319 ab
889 3270 1190 3334 exploranda
1240 3290 1408 3323 eorum
1456 3278 1675 3337 ratione,
1726 3279 1809 3341 qui

139 3344 189 3397 in
235 3343 363 3390 visis
415 3347 466 3390 et
524 3343 837 3405 opinionibus
897 3343 1123 3390 veritatis
1185 3346 1440 3394 scientiam
1504 3351 1810 3411 posuissent,

142 3413 533 3479 disputationem
593 3426 730 3462 suam
789 3428 996 3462 exorsus
1061 3418 1195 3476 erat,
1266 3416 1447 3466 deinde
1511 3435 1811 3484 progressus
