<?xml version="1.0" encoding="UTF-8"?>
<!DOCTYPE html PUBLIC "-//W3C//DTD XHTML 1.0 Transitional//EN"
    "http://www.w3.org/TR/xhtml1/DTD/xhtml1-transitional.dtd">
<html xmlns="http://www.w3.org/1999/xhtml" xml:lang="en" lang="en">
 <head>
  <title>
</title>
<meta http-equiv="Content-Type" content="text/html;charset=utf-8" />
  <meta name='ocr-system' content='tesseract 3.04.00' />
  <meta name='ocr-capabilities' content='ocr_page ocr_carea ocr_par ocr_line ocrx_word'/>
</head>
<body>
  <div class='ocr_page' id='page_1' title='image "./s1s2operaomniare08platuoft_0356.png"; bbox 0 0 2028 3750; ppageno 0'>
   <div class='ocr_carea' id='block_1_1' title="bbox 209 155 1311 209">
    <p class='ocr_par' dir='ltr' id='par_1_1' title="bbox 209 155 1311 209">
     <span class='ocr_line' id='line_1_1' title="bbox 209 155 1311 209; baseline 0.001 -3"><span class='ocrx_word' id='word_1_1' title='bbox 209 155 282 206; x_wconf 74' lang='lat'>54</span> <span class='ocrx_word' id='word_1_2' title='bbox 791 156 1311 209; x_wconf 73' lang='lat' dir='ltr'><strong>PROLEGOMENA</strong></span> 
     </span>
    </p>
   </div>
   <div class='ocr_carea' id='block_1_2' title="bbox 212 296 1913 3418">
    <p class='ocr_par' dir='ltr' id='par_1_2' title="bbox 212 296 1913 3418">
     <span class='ocr_line' id='line_1_2' title="bbox 213 296 1895 364; baseline -0.001 -14"><span class='ocrx_word' id='word_1_3' title='bbox 213 301 292 350; x_wconf 80' lang='lat' dir='ltr'>sta</span> <span class='ocrx_word' id='word_1_4' title='bbox 338 301 506 348; x_wconf 85' lang='lat' dir='ltr'>autem</span> <span class='ocrx_word' id='word_1_5' title='bbox 555 313 796 363; x_wconf 75' lang='lat' dir='ltr'>nusquam</span> <span class='ocrx_word' id='word_1_6' title='bbox 843 297 1026 362; x_wconf 83' lang='lat' dir='ltr'>aliquid</span> <span class='ocrx_word' id='word_1_7' title='bbox 1075 299 1330 362; x_wconf 77' lang='lat' dir='ltr'>reperiaS,</span> <span class='ocrx_word' id='word_1_8' title='bbox 1376 296 1509 362; x_wconf 89' lang='lat' dir='ltr'>quod</span> <span class='ocrx_word' id='word_1_9' title='bbox 1554 313 1651 347; x_wconf 87' lang='lat' dir='ltr'>non</span> <span class='ocrx_word' id='word_1_10' title='bbox 1697 313 1789 364; x_wconf 89' lang='lat' dir='ltr'>per</span> <span class='ocrx_word' id='word_1_11' title='bbox 1838 314 1895 349; x_wconf 89' lang='lat' dir='ltr'>se</span> 
     </span>
     <span class='ocr_line' id='line_1_3' title="bbox 212 369 1894 434; baseline 0.002 -19"><span class='ocrx_word' id='word_1_12' title='bbox 212 370 376 434; x_wconf 84' lang='lat' dir='ltr'>possit</span> <span class='ocrx_word' id='word_1_13' title='bbox 410 369 653 432; x_wconf 70' lang='lat' dir='ltr'>intelligi,</span> <span class='ocrx_word' id='word_1_14' title='bbox 700 371 897 417; x_wconf 86' lang='lat' dir='ltr'>etiamsi</span> <span class='ocrx_word' id='word_1_15' title='bbox 931 369 1054 419; x_wconf 86' lang='lat' dir='ltr'>nihil</span> <span class='ocrx_word' id='word_1_16' title='bbox 1093 385 1265 418; x_wconf 86' lang='lat' dir='ltr'>eorum</span> <span class='ocrx_word' id='word_1_17' title='bbox 1301 369 1644 428; x_wconf 77' lang='lat' dir='ltr'>recordemur,</span> <span class='ocrx_word' id='word_1_18' title='bbox 1682 386 1808 434; x_wconf 88' lang='lat' dir='ltr'>quae</span> <span class='ocrx_word' id='word_1_19' title='bbox 1843 371 1894 419; x_wconf 89' lang='lat' dir='ltr'>in</span> 
     </span>
     <span class='ocr_line' id='line_1_4' title="bbox 214 439 1896 505; baseline 0.001 -16"><span class='ocrx_word' id='word_1_20' title='bbox 214 439 512 490; x_wconf 85' lang='lat' dir='ltr'>Parmenide</span> <span class='ocrx_word' id='word_1_21' title='bbox 549 440 879 489; x_wconf 83' lang='lat' dir='ltr'>disseruntur.</span> <span class='ocrx_word' id='word_1_22' title='bbox 954 440 1273 504; x_wconf 80' lang='lat' dir='ltr'>Relinquitur</span> <span class='ocrx_word' id='word_1_23' title='bbox 1307 441 1493 505; x_wconf 79' lang='lat' dir='ltr'>igitur,</span> <span class='ocrx_word' id='word_1_24' title='bbox 1539 445 1596 488; x_wconf 87' lang='lat' dir='ltr'>ut</span> <span class='ocrx_word' id='word_1_25' title='bbox 1630 440 1896 491; x_wconf 85' lang='lat' dir='ltr'>Platonem</span> 
     </span>
     <span class='ocr_line' id='line_1_5' title="bbox 216 509 1895 576; baseline 0.001 -17"><span class='ocrx_word' id='word_1_26' title='bbox 216 527 509 559; x_wconf 79' lang='lat' dir='ltr'>censeamus</span> <span class='ocrx_word' id='word_1_27' title='bbox 545 509 895 560; x_wconf 72' lang='lat' dir='ltr'>parmenidem</span> <span class='ocrx_word' id='word_1_28' title='bbox 931 516 1162 576; x_wconf 89' lang='lat' dir='ltr'>tanquam</span> <span class='ocrx_word' id='word_1_29' title='bbox 1201 527 1484 560; x_wconf 89' lang='lat' dir='ltr'>sermonem</span> <span class='ocrx_word' id='word_1_30' title='bbox 1521 525 1636 559; x_wconf 86' lang='lat' dir='ltr'>mox</span> <span class='ocrx_word' id='word_1_31' title='bbox 1670 511 1895 575; x_wconf 87' lang='lat' dir='ltr'>proditu-</span> 
     </span>
     <span class='ocr_line' id='line_1_6' title="bbox 215 581 1898 645; baseline -0.001 -15"><span class='ocrx_word' id='word_1_32' title='bbox 215 597 328 630; x_wconf 84' lang='lat' dir='ltr'>rum</span> <span class='ocrx_word' id='word_1_33' title='bbox 366 589 418 630; x_wconf 89' lang='lat' dir='ltr'>et</span> <span class='ocrx_word' id='word_1_34' title='bbox 453 581 685 644; x_wconf 77' lang='lat' dir='ltr'>perfecti</span> <span class='ocrx_word' id='word_1_35' title='bbox 711 582 999 645; x_wconf 80' lang='lat' dir='ltr'>philosophi</span> <span class='ocrx_word' id='word_1_36' title='bbox 1044 583 1307 645; x_wconf 81' lang='lat' dir='ltr'>imaginem</span> <span class='ocrx_word' id='word_1_37' title='bbox 1355 598 1412 631; x_wconf 88' lang='lat' dir='ltr'>ac</span> <span class='ocrx_word' id='word_1_38' title='bbox 1449 583 1670 645; x_wconf 88' lang='lat' dir='ltr'>speciem</span> <span class='ocrx_word' id='word_1_39' title='bbox 1706 583 1898 631; x_wconf 82' lang='lat' dir='ltr'>exhibi-</span> 
     </span>
     <span class='ocr_line' id='line_1_7' title="bbox 217 652 1899 717; baseline -0.001 -16"><span class='ocrx_word' id='word_1_40' title='bbox 217 659 385 701; x_wconf 85' lang='lat' dir='ltr'>turum</span> <span class='ocrx_word' id='word_1_41' title='bbox 435 652 590 701; x_wconf 82' lang='lat' dir='ltr'>veluti</span> <span class='ocrx_word' id='word_1_42' title='bbox 625 654 675 701; x_wconf 92' lang='lat' dir='ltr'>in</span> <span class='ocrx_word' id='word_1_43' title='bbox 713 659 1031 703; x_wconf 84' lang='lat' dir='ltr'>antecessum</span> <span class='ocrx_word' id='word_1_44' title='bbox 1076 654 1392 704; x_wconf 82' lang='lat' dir='ltr'>indicavisse.</span> <span class='ocrx_word' id='word_1_45' title='bbox 1463 654 1632 717; x_wconf 87' lang='lat' dir='ltr'>Atque</span> <span class='ocrx_word' id='word_1_46' title='bbox 1674 653 1741 703; x_wconf 86' lang='lat' dir='ltr'>id.</span> <span class='ocrx_word' id='word_1_47' title='bbox 1775 667 1899 717; x_wconf 88' lang='lat' dir='ltr'>pro-</span> 
     </span>
     <span class='ocr_line' id='line_1_8' title="bbox 218 722 1899 788; baseline -0.001 -16"><span class='ocrx_word' id='word_1_48' title='bbox 218 723 359 772; x_wconf 77' lang='lat' dir='ltr'>fecto</span> <span class='ocrx_word' id='word_1_49' title='bbox 395 724 656 773; x_wconf 90' lang='lat' dir='ltr'>commode</span> <span class='ocrx_word' id='word_1_50' title='bbox 689 730 930 788; x_wconf 86' lang='lat' dir='ltr'>recteque</span> <span class='ocrx_word' id='word_1_51' title='bbox 956 725 1026 774; x_wconf 87' lang='lat' dir='ltr'>ita</span> <span class='ocrx_word' id='word_1_52' title='bbox 1063 724 1232 773; x_wconf 88' lang='lat' dir='ltr'>facere</span> <span class='ocrx_word' id='word_1_53' title='bbox 1252 725 1420 787; x_wconf 88' lang='lat' dir='ltr'>potuit</span> <span class='ocrx_word' id='word_1_54' title='bbox 1440 731 1727 788; x_wconf 87' lang='lat' dir='ltr'>propterea,</span> <span class='ocrx_word' id='word_1_55' title='bbox 1766 722 1899 788; x_wconf 85' lang='lat' dir='ltr'>quod</span> 
     </span>
     <span class='ocr_line' id='line_1_9' title="bbox 219 795 1902 857; baseline -0.001 -12"><span class='ocrx_word' id='word_1_56' title='bbox 219 809 505 845; x_wconf 77' lang='lat' dir='ltr'>sermonem</span> <span class='ocrx_word' id='word_1_57' title='bbox 541 795 589 843; x_wconf 89' lang='lat' dir='ltr'>in</span> <span class='ocrx_word' id='word_1_58' title='bbox 628 810 689 843; x_wconf 92' lang='lat' dir='ltr'>eo</span> <span class='ocrx_word' id='word_1_59' title='bbox 728 795 856 843; x_wconf 86' lang='lat' dir='ltr'>libro</span> <span class='ocrx_word' id='word_1_60' title='bbox 893 795 1034 845; x_wconf 83' lang='lat' dir='ltr'>fiuxit</span> <span class='ocrx_word' id='word_1_61' title='bbox 1068 796 1163 844; x_wconf 89' lang='lat' dir='ltr'>iam</span> <span class='ocrx_word' id='word_1_62' title='bbox 1198 802 1314 844; x_wconf 88' lang='lat' dir='ltr'>ante</span> <span class='ocrx_word' id='word_1_63' title='bbox 1338 795 1548 844; x_wconf 91' lang='lat' dir='ltr'>multum</span> <span class='ocrx_word' id='word_1_64' title='bbox 1573 800 1772 857; x_wconf 87' lang='lat' dir='ltr'>tempus</span> <span class='ocrx_word' id='word_1_65' title='bbox 1809 795 1902 843; x_wconf 89' lang='lat' dir='ltr'>ha-</span> 
     </span>
     <span class='ocr_line' id='line_1_10' title="bbox 216 863 1901 931; baseline 0.001 -17"><span class='ocrx_word' id='word_1_66' title='bbox 216 863 408 926; x_wconf 80' lang='lat' dir='ltr'>bitum,</span> <span class='ocrx_word' id='word_1_67' title='bbox 445 881 541 930; x_wconf 86' lang='lat' dir='ltr'>qua</span> <span class='ocrx_word' id='word_1_68' title='bbox 575 866 778 916; x_wconf 84' lang='lat' dir='ltr'>fictione</span> <span class='ocrx_word' id='word_1_69' title='bbox 814 882 929 915; x_wconf 89' lang='lat' dir='ltr'>sese</span> <span class='ocrx_word' id='word_1_70' title='bbox 965 866 1129 931; x_wconf 85' lang='lat' dir='ltr'>decipi</span> <span class='ocrx_word' id='word_1_71' title='bbox 1166 868 1302 931; x_wconf 87' lang='lat' dir='ltr'>passi</span> <span class='ocrx_word' id='word_1_72' title='bbox 1339 871 1480 928; x_wconf 81' lang='lat' dir='ltr'>sunt,</span> <span class='ocrx_word' id='word_1_73' title='bbox 1518 867 1600 930; x_wconf 92' lang='lat' dir='ltr'>qui</span> <span class='ocrx_word' id='word_1_74' title='bbox 1638 883 1750 915; x_wconf 91' lang='lat' dir='ltr'>eum</span> <span class='ocrx_word' id='word_1_75' title='bbox 1787 881 1901 915; x_wconf 90' lang='lat' dir='ltr'>cum</span> 
     </span>
     <span class='ocr_line' id='line_1_11' title="bbox 220 928 1900 1003; baseline -0.001 -17"><span class='ocrx_word' id='word_1_76' title='bbox 220 928 838 986; x_wconf 85' lang='lat' dir='ltr'>Schleiermachero</span> <span class='ocrx_word' id='word_1_77' title='bbox 888 954 982 1002; x_wconf 89' lang='lat' dir='ltr'>pro</span> <span class='ocrx_word' id='word_1_78' title='bbox 1020 954 1177 1003; x_wconf 89' lang='lat' dir='ltr'>opere</span> <span class='ocrx_word' id='word_1_79' title='bbox 1212 938 1436 986; x_wconf 86' lang='lat' dir='ltr'>Platonis</span> <span class='ocrx_word' id='word_1_80' title='bbox 1471 938 1673 986; x_wconf 78' lang='lat' dir='ltr'>iuvenili</span> <span class='ocrx_word' id='word_1_81' title='bbox 1710 937 1900 986; x_wconf 87' lang='lat' dir='ltr'>habue-</span> 
     </span>
     <span class='ocr_line' id='line_1_12' title="bbox 219 1009 1900 1074; baseline 0 -18"><span class='ocrx_word' id='word_1_82' title='bbox 219 1012 359 1061; x_wconf 81' lang='lat' dir='ltr'>runt.</span> <span class='ocrx_word' id='word_1_83' title='bbox 436 1009 598 1072; x_wconf 89' lang='lat' dir='ltr'>Atque</span> <span class='ocrx_word' id='word_1_84' title='bbox 653 1009 732 1057; x_wconf 90' lang='lat' dir='ltr'>his</span> <span class='ocrx_word' id='word_1_85' title='bbox 770 1009 990 1058; x_wconf 80' lang='lat' dir='ltr'>breviter</span> <span class='ocrx_word' id='word_1_86' title='bbox 1028 1009 1288 1073; x_wconf 80' lang='lat' dir='ltr'>explicatis</span> <span class='ocrx_word' id='word_1_87' title='bbox 1326 1009 1453 1057; x_wconf 84' lang='lat' dir='ltr'>duae</span> <span class='ocrx_word' id='word_1_88' title='bbox 1492 1025 1576 1058; x_wconf 88' lang='lat' dir='ltr'>res</span> <span class='ocrx_word' id='word_1_89' title='bbox 1613 1011 1900 1074; x_wconf 82' lang='lat' dir='ltr'>supersunt,</span> 
     </span>
     <span class='ocr_line' id='line_1_13' title="bbox 222 1078 1902 1142; baseline 0.001 -15"><span class='ocrx_word' id='word_1_90' title='bbox 222 1078 289 1127; x_wconf 91' lang='lat' dir='ltr'>de</span> <span class='ocrx_word' id='word_1_91' title='bbox 326 1078 504 1141; x_wconf 85' lang='lat' dir='ltr'>quibus</span> <span class='ocrx_word' id='word_1_92' title='bbox 543 1080 728 1142; x_wconf 87' lang='lat' dir='ltr'>aliquid</span> <span class='ocrx_word' id='word_1_93' title='bbox 777 1081 1039 1128; x_wconf 83' lang='lat' dir='ltr'>dicendum</span> <span class='ocrx_word' id='word_1_94' title='bbox 1074 1082 1286 1128; x_wconf 80' lang='lat' dir='ltr'>videtur.</span> <span class='ocrx_word' id='word_1_95' title='bbox 1358 1079 1545 1128; x_wconf 87' lang='lat' dir='ltr'>Mirum</span> <span class='ocrx_word' id='word_1_96' title='bbox 1587 1081 1718 1130; x_wconf 90' lang='lat' dir='ltr'>enim</span> <span class='ocrx_word' id='word_1_97' title='bbox 1753 1078 1902 1128; x_wconf 84' lang='lat' dir='ltr'>alicui</span> 
     </span>
     <span class='ocr_line' id='line_1_14' title="bbox 223 1150 1902 1215; baseline -0.001 -17"><span class='ocrx_word' id='word_1_98' title='bbox 223 1150 445 1210; x_wconf 85' lang='lat' dir='ltr'>accidat,</span> <span class='ocrx_word' id='word_1_99' title='bbox 503 1151 634 1214; x_wconf 86' lang='lat' dir='ltr'>quod</span> <span class='ocrx_word' id='word_1_100' title='bbox 669 1152 719 1199; x_wconf 87' lang='lat' dir='ltr'>in</span> <span class='ocrx_word' id='word_1_101' title='bbox 755 1150 1050 1199; x_wconf 87' lang='lat' dir='ltr'>Parmenide</span> <span class='ocrx_word' id='word_1_102' title='bbox 1087 1157 1299 1215; x_wconf 82' lang='lat' dir='ltr'>repente</span> <span class='ocrx_word' id='word_1_103' title='bbox 1335 1166 1484 1199; x_wconf 87' lang='lat' dir='ltr'>scena</span> <span class='ocrx_word' id='word_1_104' title='bbox 1520 1150 1702 1215; x_wconf 83' lang='lat' dir='ltr'>dialogi</span> <span class='ocrx_word' id='word_1_105' title='bbox 1739 1154 1902 1198; x_wconf 88' lang='lat' dir='ltr'>muta·-</span> 
     </span>
     <span class='ocr_line' id='line_1_15' title="bbox 222 1222 1903 1287; baseline 0.001 -19"><span class='ocrx_word' id='word_1_106' title='bbox 222 1225 334 1281; x_wconf 75' lang='lat' dir='ltr'>tur,</span> <span class='ocrx_word' id='word_1_107' title='bbox 382 1236 531 1284; x_wconf 87' lang='lat' dir='ltr'>quum</span> <span class='ocrx_word' id='word_1_108' title='bbox 578 1228 743 1271; x_wconf 83' lang='lat' dir='ltr'>tamen</span> <span class='ocrx_word' id='word_1_109' title='bbox 791 1223 955 1287; x_wconf 86' lang='lat' dir='ltr'>ipsum</span> <span class='ocrx_word' id='word_1_110' title='bbox 1002 1222 1204 1271; x_wconf 87' lang='lat' dir='ltr'>Politici</span> <span class='ocrx_word' id='word_1_111' title='bbox 1251 1223 1443 1271; x_wconf 83' lang='lat' dir='ltr'>initium</span> <span class='ocrx_word' id='word_1_112' title='bbox 1494 1237 1583 1270; x_wconf 89' lang='lat' dir='ltr'>uos</span> <span class='ocrx_word' id='word_1_113' title='bbox 1633 1226 1903 1286; x_wconf 82' lang='lat' dir='ltr'>expectare</span> 
     </span>
     <span class='ocr_line' id='line_1_16' title="bbox 223 1287 1902 1357; baseline -0.001 -17"><span class='ocrx_word' id='word_1_114' title='bbox 223 1287 422 1351; x_wconf 75' lang='lat' dir='ltr'>iubeat,</span> <span class='ocrx_word' id='word_1_115' title='bbox 461 1307 567 1341; x_wconf 88' lang='lat' dir='ltr'>eam</span> <span class='ocrx_word' id='word_1_116' title='bbox 609 1295 757 1342; x_wconf 87' lang='lat' dir='ltr'>etiam</span> <span class='ocrx_word' id='word_1_117' title='bbox 792 1294 843 1341; x_wconf 90' lang='lat' dir='ltr'>in</span> <span class='ocrx_word' id='word_1_118' title='bbox 879 1309 940 1342; x_wconf 91' lang='lat' dir='ltr'>eo</span> <span class='ocrx_word' id='word_1_119' title='bbox 979 1309 1241 1352; x_wconf 87' lang='lat' dir='ltr'>sermone,</span> <span class='ocrx_word' id='word_1_120' title='bbox 1292 1295 1374 1356; x_wconf 87' lang='lat' dir='ltr'>qui</span> <span class='ocrx_word' id='word_1_121' title='bbox 1411 1293 1698 1356; x_wconf 82' lang='lat' dir='ltr'>perfectum</span> <span class='ocrx_word' id='word_1_122' title='bbox 1736 1291 1902 1357; x_wconf 90' lang='lat' dir='ltr'>philo-</span> 
     </span>
     <span class='ocr_line' id='line_1_17' title="bbox 222 1362 1903 1427; baseline 0.001 -17"><span class='ocrx_word' id='word_1_123' title='bbox 222 1362 440 1427; x_wconf 84' lang='lat' dir='ltr'>sophum</span> <span class='ocrx_word' id='word_1_124' title='bbox 484 1363 714 1423; x_wconf 69' lang='lat' dir='ltr'>exhibet,</span> <span class='ocrx_word' id='word_1_125' title='bbox 771 1365 977 1413; x_wconf 84' lang='lat' dir='ltr'>eandem</span> <span class='ocrx_word' id='word_1_126' title='bbox 1012 1380 1294 1412; x_wconf 83' lang='lat' dir='ltr'>mansuram</span> <span class='ocrx_word' id='word_1_127' title='bbox 1329 1379 1459 1412; x_wconf 88' lang='lat' dir='ltr'>esse.</span> <span class='ocrx_word' id='word_1_128' title='bbox 1527 1364 1602 1412; x_wconf 90' lang='lat' dir='ltr'>lbi</span> <span class='ocrx_word' id='word_1_129' title='bbox 1638 1364 1770 1413; x_wconf 90' lang='lat' dir='ltr'>enim</span> <span class='ocrx_word' id='word_1_130' title='bbox 1807 1363 1903 1411; x_wconf 87' lang='lat' dir='ltr'>So-</span> 
     </span>
     <span class='ocr_line' id='line_1_18' title="bbox 224 1426 1899 1519; baseline 0.001 -38"><span class='ocrx_word' id='word_1_131' title='bbox 224 1439 391 1482; x_wconf 84' lang='lat' dir='ltr'>crates</span> <span class='ocrx_word' id='word_1_132' title='bbox 430 1433 490 1482; x_wconf 87' lang='lat' dir='ltr'>ad</span> <span class='ocrx_word' id='word_1_133' title='bbox 528 1434 884 1487; x_wconf 78' lang='lat' dir='ltr'>Theodorum:</span> <span class='ocrx_word' id='word_1_134' title='bbox 919 1426 954 1502; x_wconf 79' lang='grc' dir='ltr'><em>ἦ</em></span> <span class='ocrx_word' id='word_1_135' title='bbox 992 1429 1199 1497; x_wconf 59' lang='grc' dir='ltr'><strong><em>πολῗὴν</em></strong></span> <span class='ocrx_word' id='word_1_136' title='bbox 1231 1428 1422 1519; x_wconf 76' lang='grc' dir='ltr'><em>χάριν,</em></span> <span class='ocrx_word' id='word_1_137' title='bbox 1460 1435 1647 1498; x_wconf 89' lang='lat' dir='ltr'>inquit,</span> <span class='ocrx_word' id='word_1_138' title='bbox 1672 1429 1899 1516; x_wconf 82' lang='grc' dir='ltr'><em>ὀφείλω</em></span> 
     </span>
     <span class='ocr_line' id='line_1_19' title="bbox 225 1496 1904 1590; baseline 0.001 -35"><span class='ocrx_word' id='word_1_139' title='bbox 225 1518 318 1555; x_wconf 78' lang='grc' dir='ltr'>σοι</span> <span class='ocrx_word' id='word_1_140' title='bbox 368 1523 465 1568; x_wconf 74' lang='grc' dir='ltr'>της</span> <span class='ocrx_word' id='word_1_141' title='bbox 517 1501 820 1568; x_wconf 68' lang='grc' dir='ltr'><em>Θεαιτήτου</em></span> <span class='ocrx_word' id='word_1_142' title='bbox 865 1506 1200 1574; x_wconf 67' lang='lat' dir='ltr'>711woiaeoeg‚</span> <span class='ocrx_word' id='word_1_143' title='bbox 1249 1496 1289 1554; x_wconf 75' lang='grc' dir='ltr'><em>ὦ</em></span> <span class='ocrx_word' id='word_1_144' title='bbox 1337 1498 1627 1590; x_wconf 74' lang='grc' dir='ltr'><em>Θεόδωρε,</em></span> <span class='ocrx_word' id='word_1_145' title='bbox 1656 1499 1773 1569; x_wconf 62' lang='lat' dir='ltr'>diua</span> <span class='ocrx_word' id='word_1_146' title='bbox 1811 1504 1904 1556; x_wconf 79' lang='grc' dir='ltr'>καὶ</span> 
     </span>
     <span class='ocr_line' id='line_1_20' title="bbox 225 1551 1903 1658; baseline 0.001 -34.004"><span class='ocrx_word' id='word_1_147' title='bbox 225 1592 324 1637; x_wconf 70' lang='grc' dir='ltr'>της</span> <span class='ocrx_word' id='word_1_148' title='bbox 360 1576 461 1626; x_wconf 67' lang='grc' dir='ltr'>τοῦ</span> <span class='ocrx_word' id='word_1_149' title='bbox 500 1574 674 1638; x_wconf 74' lang='grc' dir='ltr'>ξένου</span> <span class='ocrx_word' id='word_1_150' title='bbox 748 1578 828 1630; x_wconf 76' lang='lat' dir='ltr'>Ad</span> <span class='ocrx_word' id='word_1_151' title='bbox 852 1592 990 1657; x_wconf 87' lang='lat' dir='ltr'>quae</span> <span class='ocrx_word' id='word_1_152' title='bbox 1025 1577 1139 1626; x_wconf 90' lang='lat' dir='ltr'>ille·</span> <span class='ocrx_word' id='word_1_153' title='bbox 1186 1570 1326 1643; x_wconf 75' lang='grc' dir='ltr'><em>τάχα</em></span> <span class='ocrx_word' id='word_1_154' title='bbox 1360 1575 1420 1627; x_wconf 75' lang='grc' dir='ltr'>δέ</span> <span class='ocrx_word' id='word_1_155' title='bbox 1457 1593 1545 1643; x_wconf 76' lang='grc' dir='ltr'>γε,</span> <span class='ocrx_word' id='word_1_156' title='bbox 1585 1567 1627 1626; x_wconf 79' lang='grc' dir='ltr'><em>ὦ</em></span> <span class='ocrx_word' id='word_1_157' title='bbox 1663 1551 1903 1658; x_wconf 58' lang='grc' dir='ltr'><em>Σώκραα</em></span> 
     </span>
     <span class='ocr_line' id='line_1_21' title="bbox 224 1641 1904 1732; baseline 0 -35"><span class='ocrx_word' id='word_1_158' title='bbox 224 1663 336 1706; x_wconf 66' lang='lat' dir='ltr'>vag,</span> <span class='ocrx_word' id='word_1_159' title='bbox 398 1641 710 1730; x_wconf 64' lang='grc' dir='ltr'><em>ὀᾳειῖησεις</em></span> <span class='ocrx_word' id='word_1_160' title='bbox 760 1642 964 1711; x_wconf 77' lang='grc' dir='ltr'><em>ταύτης</em></span> <span class='ocrx_word' id='word_1_161' title='bbox 1009 1647 1368 1732; x_wconf 77' lang='grc' dir='ltr'><em>τριπλασίαν</em></span> <span class='ocrx_word' id='word_1_162' title='bbox 1414 1645 1632 1698; x_wconf 74' lang='grc' dir='ltr'><em>ἐπειδὰν</em></span> <span class='ocrx_word' id='word_1_163' title='bbox 1687 1642 1789 1698; x_wconf 85' lang='grc' dir='ltr'>τόν</span> <span class='ocrx_word' id='word_1_164' title='bbox 1845 1661 1904 1696; x_wconf 84' lang='grc' dir='ltr'>τε</span> 
     </span>
     <span class='ocr_line' id='line_1_22' title="bbox 224 1711 1904 1789; baseline 0 -21"><span class='ocrx_word' id='word_1_165' title='bbox 224 1713 514 1768; x_wconf 79' lang='grc' dir='ltr'><strong><em>πολιτικὸν</em></strong></span> <span class='ocrx_word' id='word_1_166' title='bbox 555 1713 972 1788; x_wconf 74' lang='grc' dir='ltr'>ἀπεογάσωνταί</span> <span class='ocrx_word' id='word_1_167' title='bbox 1021 1735 1111 1769; x_wconf 80' lang='grc' dir='ltr'>σοι</span> <span class='ocrx_word' id='word_1_168' title='bbox 1162 1718 1254 1770; x_wconf 79' lang='grc' dir='ltr'>καὶ</span> <span class='ocrx_word' id='word_1_169' title='bbox 1286 1711 1386 1769; x_wconf 81' lang='grc' dir='ltr'>τὸν</span> <span class='ocrx_word' id='word_1_170' title='bbox 1423 1713 1760 1789; x_wconf 80' lang='grc' dir='ltr'><em>φιλόσοφον.</em></span> <span class='ocrx_word' id='word_1_171' title='bbox 1833 1717 1904 1768; x_wconf 84' lang='lat' dir='ltr'>At</span> 
     </span>
     <span class='ocr_line' id='line_1_23' title="bbox 223 1789 1906 1856; baseline 0 -18"><span class='ocrx_word' id='word_1_172' title='bbox 223 1789 276 1841; x_wconf 85' lang='lat' dir='ltr'>in</span> <span class='ocrx_word' id='word_1_173' title='bbox 323 1789 620 1838; x_wconf 84' lang='lat' dir='ltr'>Parmenide</span> <span class='ocrx_word' id='word_1_174' title='bbox 663 1807 756 1839; x_wconf 91' lang='lat' dir='ltr'>nec</span> <span class='ocrx_word' id='word_1_175' title='bbox 804 1789 1020 1856; x_wconf 80' lang='lat' dir='ltr'>hospitis</span> <span class='ocrx_word' id='word_1_176' title='bbox 1070 1790 1308 1851; x_wconf 75' lang='lat' dir='ltr'>Eleatici,</span> <span class='ocrx_word' id='word_1_177' title='bbox 1357 1806 1450 1838; x_wconf 93' lang='lat' dir='ltr'>nec</span> <span class='ocrx_word' id='word_1_178' title='bbox 1502 1789 1763 1839; x_wconf 85' lang='lat' dir='ltr'>Theodori</span> <span class='ocrx_word' id='word_1_179' title='bbox 1810 1803 1906 1838; x_wconf 88' lang='lat' dir='ltr'>nec</span> 
     </span>
     <span class='ocr_line' id='line_1_24' title="bbox 226 1858 1903 1925; baseline -0.001 -16"><span class='ocrx_word' id='word_1_180' title='bbox 226 1858 501 1923; x_wconf 74' lang='lat' dir='ltr'>Theaeteti</span> <span class='ocrx_word' id='word_1_181' title='bbox 547 1864 738 1910; x_wconf 77' lang='lat' dir='ltr'>mentio</span> <span class='ocrx_word' id='word_1_182' title='bbox 784 1862 1032 1922; x_wconf 87' lang='lat' dir='ltr'>iniicitur;</span> <span class='ocrx_word' id='word_1_183' title='bbox 1079 1878 1205 1910; x_wconf 87' lang='lat' dir='ltr'>unus</span> <span class='ocrx_word' id='word_1_184' title='bbox 1243 1861 1477 1911; x_wconf 85' lang='lat' dir='ltr'>Socrates</span> <span class='ocrx_word' id='word_1_185' title='bbox 1515 1867 1745 1925; x_wconf 88' lang='lat' dir='ltr'>tanquam</span> <span class='ocrx_word' id='word_1_186' title='bbox 1783 1859 1903 1908; x_wconf 86' lang='lat' dir='ltr'>ado-</span> 
     </span>
     <span class='ocr_line' id='line_1_25' title="bbox 225 1930 1905 1997; baseline -0.001 -18"><span class='ocrx_word' id='word_1_187' title='bbox 225 1930 456 1992; x_wconf 87' lang='lat' dir='ltr'>lescens,</span> <span class='ocrx_word' id='word_1_188' title='bbox 511 1934 596 1997; x_wconf 86' lang='lat' dir='ltr'>qui</span> <span class='ocrx_word' id='word_1_189' title='bbox 645 1933 761 1982; x_wconf 89' lang='lat' dir='ltr'>olim</span> <span class='ocrx_word' id='word_1_190' title='bbox 810 1949 920 1982; x_wconf 89' lang='lat' dir='ltr'>cum</span> <span class='ocrx_word' id='word_1_191' title='bbox 972 1933 1271 1982; x_wconf 87' lang='lat' dir='ltr'>Parmenide</span> <span class='ocrx_word' id='word_1_192' title='bbox 1320 1948 1578 1982; x_wconf 84' lang='lat' dir='ltr'>sermones</span> <span class='ocrx_word' id='word_1_193' title='bbox 1627 1932 1905 1992; x_wconf 75' lang='lat' dir='ltr'>miscuerit,</span> 
     </span>
     <span class='ocr_line' id='line_1_26' title="bbox 225 2001 1904 2069; baseline -0.001 -18"><span class='ocrx_word' id='word_1_194' title='bbox 225 2010 669 2055; x_wconf 74' lang='lat' dir='ltr'>commemoratur.</span> <span class='ocrx_word' id='word_1_195' title='bbox 737 2004 1095 2055; x_wconf 81' lang='lat' dir='ltr'>Verumtamen</span> <span class='ocrx_word' id='word_1_196' title='bbox 1123 2005 1437 2069; x_wconf 79' lang='lat' dir='ltr'>quantumvis</span> <span class='ocrx_word' id='word_1_197' title='bbox 1464 2005 1626 2068; x_wconf 81' lang='lat' dir='ltr'>gravis</span> <span class='ocrx_word' id='word_1_198' title='bbox 1662 2003 1788 2051; x_wconf 85' lang='lat' dir='ltr'>haec</span> <span class='ocrx_word' id='word_1_199' title='bbox 1810 2001 1904 2050; x_wconf 89' lang='lat' dir='ltr'>dn-</span> 
     </span>
     <span class='ocr_line' id='line_1_27' title="bbox 225 2074 1906 2141; baseline -0.001 -18"><span class='ocrx_word' id='word_1_200' title='bbox 225 2074 415 2124; x_wconf 83' lang='lat' dir='ltr'>bitatio</span> <span class='ocrx_word' id='word_1_201' title='bbox 462 2077 625 2140; x_wconf 84' lang='lat' dir='ltr'>primo</span> <span class='ocrx_word' id='word_1_202' title='bbox 686 2074 931 2141; x_wconf 83' lang='lat' dir='ltr'>adspectu</span> <span class='ocrx_word' id='word_1_203' title='bbox 977 2075 1229 2136; x_wconf 69' lang='lat' dir='ltr'>videatur,</span> <span class='ocrx_word' id='word_1_204' title='bbox 1290 2081 1454 2124; x_wconf 88' lang='lat' dir='ltr'>tamen</span> <span class='ocrx_word' id='word_1_205' title='bbox 1501 2074 1639 2122; x_wconf 83' lang='lat' dir='ltr'>facili</span> <span class='ocrx_word' id='word_1_206' title='bbox 1696 2074 1906 2137; x_wconf 82' lang='lat' dir='ltr'>negotio</span> 
     </span>
     <span class='ocr_line' id='line_1_28' title="bbox 223 2145 1905 2211; baseline -0.001 -18"><span class='ocrx_word' id='word_1_207' title='bbox 223 2146 416 2210; x_wconf 84' lang='lat' dir='ltr'>poterit</span> <span class='ocrx_word' id='word_1_208' title='bbox 450 2147 714 2201; x_wconf 88' lang='lat' dir='ltr'>removeri.</span> <span class='ocrx_word' id='word_1_209' title='bbox 787 2149 950 2210; x_wconf 76' lang='lat' dir='ltr'>Quum</span> <span class='ocrx_word' id='word_1_210' title='bbox 987 2148 1114 2195; x_wconf 89' lang='lat' dir='ltr'>enim</span> <span class='ocrx_word' id='word_1_211' title='bbox 1145 2147 1398 2211; x_wconf 85' lang='lat' dir='ltr'>Cephalus</span> <span class='ocrx_word' id='word_1_212' title='bbox 1434 2145 1758 2194; x_wconf 85' lang='lat' dir='ltr'>familiaribus</span> <span class='ocrx_word' id='word_1_213' title='bbox 1796 2145 1905 2208; x_wconf 86' lang='lat' dir='ltr'>qui-</span> 
     </span>
     <span class='ocr_line' id='line_1_29' title="bbox 225 2216 1906 2282; baseline -0.001 -17"><span class='ocrx_word' id='word_1_214' title='bbox 225 2217 461 2277; x_wconf 83' lang='lat' dir='ltr'>busdam,</span> <span class='ocrx_word' id='word_1_215' title='bbox 511 2234 721 2282; x_wconf 88' lang='lat' dir='ltr'>quorum</span> <span class='ocrx_word' id='word_1_216' title='bbox 770 2220 968 2267; x_wconf 86' lang='lat' dir='ltr'>nomina</span> <span class='ocrx_word' id='word_1_217' title='bbox 1005 2220 1306 2279; x_wconf 84' lang='lat' dir='ltr'>reticentur,</span> <span class='ocrx_word' id='word_1_218' title='bbox 1361 2232 1559 2266; x_wconf 88' lang='lat' dir='ltr'>omnem</span> <span class='ocrx_word' id='word_1_219' title='bbox 1596 2216 1906 2265; x_wconf 86' lang='lat' dir='ltr'>Parmenidis</span> 
     </span>
     <span class='ocr_line' id='line_1_30' title="bbox 226 2284 1906 2370; baseline 0.001 -36"><span class='ocrx_word' id='word_1_220' title='bbox 226 2303 509 2341; x_wconf 85' lang='lat' dir='ltr'>sermonem</span> <span class='ocrx_word' id='word_1_221' title='bbox 549 2293 791 2370; x_wconf 78' lang='lat' dir='ltr'>exponat,</span> <span class='ocrx_word' id='word_1_222' title='bbox 832 2284 947 2354; x_wconf 86' lang='lat' dir='ltr'>quid</span> <span class='ocrx_word' id='word_1_223' title='bbox 985 2290 1242 2355; x_wconf 86' lang='lat' dir='ltr'>prohibet,</span> <span class='ocrx_word' id='word_1_224' title='bbox 1281 2290 1541 2352; x_wconf 89' lang='lat' dir='ltr'>quominus</span> <span class='ocrx_word' id='word_1_225' title='bbox 1578 2289 1692 2336; x_wconf 89' lang='lat' dir='ltr'>illos</span> <span class='ocrx_word' id='word_1_226' title='bbox 1731 2302 1906 2335; x_wconf 86' lang='lat' dir='ltr'>omnes</span> 
     </span>
     <span class='ocr_line' id='line_1_31' title="bbox 226 2354 1906 2426; baseline 0.001 -20"><span class='ocrx_word' id='word_1_227' title='bbox 226 2359 361 2407; x_wconf 87' lang='lat' dir='ltr'>inter</span> <span class='ocrx_word' id='word_1_228' title='bbox 405 2376 569 2426; x_wconf 78' lang='grc' dir='ltr'><em>κωφα</em></span> <span class='ocrx_word' id='word_1_229' title='bbox 626 2354 888 2426; x_wconf 66' lang='lat' dir='ltr'>apog-wrm</span> <span class='ocrx_word' id='word_1_230' title='bbox 933 2362 1186 2411; x_wconf 78' lang='lat' dir='ltr'>numerari</span> <span class='ocrx_word' id='word_1_231' title='bbox 1232 2361 1553 2409; x_wconf 61' lang='lat' dir='ltr'>statuamus}</span> <span class='ocrx_word' id='word_1_232' title='bbox 1634 2358 1906 2407; x_wconf 81' lang='lat' dir='ltr'>Enimvero</span> 
     </span>
     <span class='ocr_line' id='line_1_32' title="bbox 228 2428 1906 2495; baseline -0.001 -17"><span class='ocrx_word' id='word_1_233' title='bbox 228 2429 364 2493; x_wconf 85' lang='lat' dir='ltr'>quod</span> <span class='ocrx_word' id='word_1_234' title='bbox 398 2430 449 2482; x_wconf 90' lang='lat' dir='ltr'>in</span> <span class='ocrx_word' id='word_1_235' title='bbox 484 2430 649 2482; x_wconf 91' lang='lat' dir='ltr'>locum</span> <span class='ocrx_word' id='word_1_236' title='bbox 687 2429 904 2495; x_wconf 87' lang='lat' dir='ltr'>hospitis</span> <span class='ocrx_word' id='word_1_237' title='bbox 941 2432 1074 2480; x_wconf 89' lang='lat' dir='ltr'>illius</span> <span class='ocrx_word' id='word_1_238' title='bbox 1111 2431 1329 2480; x_wconf 81' lang='lat' dir='ltr'>Eleatici</span> <span class='ocrx_word' id='word_1_239' title='bbox 1366 2432 1463 2478; x_wconf 87' lang='lat' dir='ltr'>iam</span> <span class='ocrx_word' id='word_1_240' title='bbox 1499 2430 1611 2495; x_wconf 89' lang='lat' dir='ltr'>ipse</span> <span class='ocrx_word' id='word_1_241' title='bbox 1646 2428 1906 2477; x_wconf 77' lang='lat' dir='ltr'>Parmeni-</span> 
     </span>
     <span class='ocr_line' id='line_1_33' title="bbox 226 2499 1907 2562; baseline -0.001 -14"><span class='ocrx_word' id='word_1_242' title='bbox 226 2499 319 2548; x_wconf 84' lang='lat' dir='ltr'>des</span> <span class='ocrx_word' id='word_1_243' title='bbox 356 2502 629 2562; x_wconf 87' lang='lat' dir='ltr'>successit,</span> <span class='ocrx_word' id='word_1_244' title='bbox 675 2501 726 2554; x_wconf 88' lang='lat' dir='ltr'>id</span> <span class='ocrx_word' id='word_1_245' title='bbox 773 2517 947 2550; x_wconf 85' lang='lat' dir='ltr'>caussa</span> <span class='ocrx_word' id='word_1_246' title='bbox 994 2502 1170 2551; x_wconf 87' lang='lat' dir='ltr'>nititur</span> <span class='ocrx_word' id='word_1_247' title='bbox 1206 2502 1325 2551; x_wconf 89' lang='lat' dir='ltr'>satis</span> <span class='ocrx_word' id='word_1_248' title='bbox 1376 2501 1568 2549; x_wconf 83' lang='lat' dir='ltr'>idonea.</span> <span class='ocrx_word' id='word_1_249' title='bbox 1650 2499 1726 2548; x_wconf 89' lang='lat' dir='ltr'>lta</span> <span class='ocrx_word' id='word_1_250' title='bbox 1774 2500 1907 2548; x_wconf 90' lang='lat' dir='ltr'>enim</span> 
     </span>
     <span class='ocr_line' id='line_1_34' title="bbox 226 2570 1908 2638; baseline -0.002 -16"><span class='ocrx_word' id='word_1_251' title='bbox 226 2587 450 2622; x_wconf 84' lang='lat' dir='ltr'>summus</span> <span class='ocrx_word' id='word_1_252' title='bbox 490 2572 748 2627; x_wconf 84' lang='lat' dir='ltr'>Eleaticae</span> <span class='ocrx_word' id='word_1_253' title='bbox 786 2572 1003 2622; x_wconf 87' lang='lat' dir='ltr'>familiae</span> <span class='ocrx_word' id='word_1_254' title='bbox 1057 2574 1291 2638; x_wconf 83' lang='lat' dir='ltr'>princeps</span> <span class='ocrx_word' id='word_1_255' title='bbox 1334 2587 1433 2621; x_wconf 89' lang='lat' dir='ltr'>non</span> <span class='ocrx_word' id='word_1_256' title='bbox 1470 2571 1671 2635; x_wconf 86' lang='lat' dir='ltr'>quidem</span> <span class='ocrx_word' id='word_1_257' title='bbox 1709 2570 1908 2620; x_wconf 86' lang='lat' dir='ltr'>descri-</span> 
     </span>
     <span class='ocr_line' id='line_1_35' title="bbox 225 2642 1909 2710; baseline -0.001 -18"><span class='ocrx_word' id='word_1_258' title='bbox 225 2642 301 2692; x_wconf 87' lang='lat' dir='ltr'>bit</span> <span class='ocrx_word' id='word_1_259' title='bbox 338 2645 445 2693; x_wconf 85' lang='lat' dir='ltr'>veri</span> <span class='ocrx_word' id='word_1_260' title='bbox 483 2643 773 2710; x_wconf 85' lang='lat' dir='ltr'>philosophi</span> <span class='ocrx_word' id='word_1_261' title='bbox 808 2645 1074 2707; x_wconf 86' lang='lat' dir='ltr'>virtutem,</span> <span class='ocrx_word' id='word_1_262' title='bbox 1124 2645 1216 2695; x_wconf 87' lang='lat' dir='ltr'>sed</span> <span class='ocrx_word' id='word_1_263' title='bbox 1250 2645 1361 2709; x_wconf 84' lang='lat' dir='ltr'>ipse</span> <span class='ocrx_word' id='word_1_264' title='bbox 1395 2649 1627 2707; x_wconf 88' lang='lat' dir='ltr'>tanquam</span> <span class='ocrx_word' id='word_1_265' title='bbox 1664 2657 1909 2705; x_wconf 81' lang='lat' dir='ltr'>praesens</span> 
     </span>
     <span class='ocr_line' id='line_1_36' title="bbox 229 2711 1906 2783; baseline -0.001 -22"><span class='ocrx_word' id='word_1_266' title='bbox 229 2715 337 2764; x_wconf 88' lang='lat' dir='ltr'>eius</span> <span class='ocrx_word' id='word_1_267' title='bbox 386 2731 651 2783; x_wconf 83' lang='lat' dir='ltr'>personam</span> <span class='ocrx_word' id='word_1_268' title='bbox 698 2721 1047 2779; x_wconf 83' lang='lat' dir='ltr'>repraesentat</span> <span class='ocrx_word' id='word_1_269' title='bbox 1097 2721 1149 2766; x_wconf 88' lang='lat' dir='ltr'>et</span> <span class='ocrx_word' id='word_1_270' title='bbox 1208 2716 1273 2764; x_wconf 89' lang='lat' dir='ltr'>ob</span> <span class='ocrx_word' id='word_1_271' title='bbox 1323 2714 1498 2771; x_wconf 83' lang='lat' dir='ltr'>oculos</span> <span class='ocrx_word' id='word_1_272' title='bbox 1546 2713 1716 2780; x_wconf 86' lang='lat' dir='ltr'>ponit:</span> <span class='ocrx_word' id='word_1_273' title='bbox 1771 2711 1906 2777; x_wconf 90' lang='lat' dir='ltr'>quod</span> 
     </span>
     <span class='ocr_line' id='line_1_37' title="bbox 226 2784 1907 2852; baseline 0 -18"><span class='ocrx_word' id='word_1_274' title='bbox 226 2785 379 2850; x_wconf 82' lang='lat' dir='ltr'>louge</span> <span class='ocrx_word' id='word_1_275' title='bbox 424 2787 799 2852; x_wconf 84' lang='lat' dir='ltr'>elegantissime</span> <span class='ocrx_word' id='word_1_276' title='bbox 835 2788 906 2835; x_wconf 88' lang='lat' dir='ltr'>ita</span> <span class='ocrx_word' id='word_1_277' title='bbox 942 2787 1162 2852; x_wconf 83' lang='lat' dir='ltr'>fingitur.</span> <span class='ocrx_word' id='word_1_278' title='bbox 1230 2786 1407 2850; x_wconf 83' lang='lat' dir='ltr'>Neque</span> <span class='ocrx_word' id='word_1_279' title='bbox 1459 2786 1509 2834; x_wconf 91' lang='lat' dir='ltr'>in</span> <span class='ocrx_word' id='word_1_280' title='bbox 1548 2800 1610 2834; x_wconf 88' lang='lat' dir='ltr'>eo</span> <span class='ocrx_word' id='word_1_281' title='bbox 1648 2784 1907 2848; x_wconf 87' lang='lat' dir='ltr'>quisquam</span> 
     </span>
     <span class='ocr_line' id='line_1_38' title="bbox 226 2855 1908 2922; baseline -0.001 -16"><span class='ocrx_word' id='word_1_282' title='bbox 226 2858 490 2918; x_wconf 87' lang='lat' dir='ltr'>haerebit,</span> <span class='ocrx_word' id='word_1_283' title='bbox 555 2859 688 2922; x_wconf 89' lang='lat' dir='ltr'>quod</span> <span class='ocrx_word' id='word_1_284' title='bbox 730 2873 827 2906; x_wconf 90' lang='lat' dir='ltr'>non</span> <span class='ocrx_word' id='word_1_285' title='bbox 878 2857 1115 2908; x_wconf 86' lang='lat' dir='ltr'>Socrates</span> <span class='ocrx_word' id='word_1_286' title='bbox 1163 2859 1256 2906; x_wconf 87' lang='lat' dir='ltr'>sed</span> <span class='ocrx_word' id='word_1_287' title='bbox 1301 2855 1623 2906; x_wconf 85' lang='lat' dir='ltr'>Parmenides</span> <span class='ocrx_word' id='word_1_288' title='bbox 1676 2860 1908 2919; x_wconf 88' lang='lat' dir='ltr'>tanquam</span> 
     </span>
     <span class='ocr_line' id='line_1_39' title="bbox 228 2927 1913 2994; baseline -0.002 -18"><span class='ocrx_word' id='word_1_289' title='bbox 228 2929 491 2992; x_wconf 79' lang='lat' dir='ltr'>perfectus</span> <span class='ocrx_word' id='word_1_290' title='bbox 528 2929 885 2994; x_wconf 86' lang='lat' dir='ltr'>philosophus,</span> <span class='ocrx_word' id='word_1_291' title='bbox 937 2930 1021 2992; x_wconf 88' lang='lat' dir='ltr'>qui</span> <span class='ocrx_word' id='word_1_292' title='bbox 1067 2930 1130 2980; x_wconf 88' lang='lat' dir='ltr'>ad</span> <span class='ocrx_word' id='word_1_293' title='bbox 1174 2929 1464 2978; x_wconf 88' lang='lat' dir='ltr'>dialecticae</span> <span class='ocrx_word' id='word_1_294' title='bbox 1499 2927 1622 2976; x_wconf 83' lang='lat' dir='ltr'>artis</span> <span class='ocrx_word' id='word_1_295' title='bbox 1660 2941 1913 2975; x_wconf 85' lang='lat' dir='ltr'>summum-</span> 
     </span>
     <span class='ocr_line' id='line_1_40' title="bbox 226 2997 1907 3064; baseline -0.001 -19"><span class='ocrx_word' id='word_1_296' title='bbox 226 2999 482 3063; x_wconf 79' lang='lat' dir='ltr'>fastigium</span> <span class='ocrx_word' id='word_1_297' title='bbox 521 3001 834 3062; x_wconf 82' lang='lat' dir='ltr'>escenderit,</span> <span class='ocrx_word' id='word_1_298' title='bbox 879 3001 1193 3050; x_wconf 84' lang='lat' dir='ltr'>informatur.</span> <span class='ocrx_word' id='word_1_299' title='bbox 1266 3000 1392 3048; x_wconf 88' lang='lat' dir='ltr'>Nam</span> <span class='ocrx_word' id='word_1_300' title='bbox 1441 2999 1656 3064; x_wconf 87' lang='lat' dir='ltr'>primum</span> <span class='ocrx_word' id='word_1_301' title='bbox 1707 2997 1907 3061; x_wconf 88' lang='lat' dir='ltr'>quidem</span> 
     </span>
     <span class='ocr_line' id='line_1_41' title="bbox 228 3068 1907 3138; baseline -0.001 -22"><span class='ocrx_word' id='word_1_302' title='bbox 228 3068 539 3126; x_wconf 84' lang='lat' dir='ltr'>Parmenidis</span> <span class='ocrx_word' id='word_1_303' title='bbox 590 3087 806 3138; x_wconf 82' lang='lat' dir='ltr'>persona</span> <span class='ocrx_word' id='word_1_304' title='bbox 852 3073 914 3122; x_wconf 85' lang='lat' dir='ltr'>ad</span> <span class='ocrx_word' id='word_1_305' title='bbox 962 3071 1314 3125; x_wconf 81' lang='lat' dir='ltr'>instituendam</span> <span class='ocrx_word' id='word_1_306' title='bbox 1351 3070 1480 3119; x_wconf 88' lang='lat' dir='ltr'>hanc</span> <span class='ocrx_word' id='word_1_307' title='bbox 1517 3068 1907 3134; x_wconf 78' lang='lat' dir='ltr'>disputationem</span> 
     </span>
     <span class='ocr_line' id='line_1_42' title="bbox 228 3139 1907 3207; baseline 0.001 -22"><span class='ocrx_word' id='word_1_308' title='bbox 228 3141 437 3189; x_wconf 82' lang='lat' dir='ltr'>eandem</span> <span class='ocrx_word' id='word_1_309' title='bbox 485 3143 548 3191; x_wconf 92' lang='lat' dir='ltr'>ob</span> <span class='ocrx_word' id='word_1_310' title='bbox 602 3158 825 3192; x_wconf 84' lang='lat' dir='ltr'>caussam</span> <span class='ocrx_word' id='word_1_311' title='bbox 863 3144 1147 3192; x_wconf 84' lang='lat' dir='ltr'>necessaria</span> <span class='ocrx_word' id='word_1_312' title='bbox 1180 3142 1338 3191; x_wconf 64' lang='lat' dir='ltr'>rideri</span> <span class='ocrx_word' id='word_1_313' title='bbox 1394 3141 1586 3207; x_wconf 88' lang='lat' dir='ltr'>potuit,</span> <span class='ocrx_word' id='word_1_314' title='bbox 1645 3139 1708 3187; x_wconf 93' lang='lat' dir='ltr'>ob</span> <span class='ocrx_word' id='word_1_315' title='bbox 1759 3153 1907 3200; x_wconf 85' lang='lat' dir='ltr'>quam</span> 
     </span>
     <span class='ocr_line' id='line_1_43' title="bbox 226 3207 1907 3278; baseline -0.002 -20"><span class='ocrx_word' id='word_1_316' title='bbox 226 3210 278 3258; x_wconf 84' lang='lat' dir='ltr'>in</span> <span class='ocrx_word' id='word_1_317' title='bbox 316 3210 558 3275; x_wconf 86' lang='lat' dir='ltr'>Sophista</span> <span class='ocrx_word' id='word_1_318' title='bbox 594 3213 845 3278; x_wconf 86' lang='lat' dir='ltr'>hospitem</span> <span class='ocrx_word' id='word_1_319' title='bbox 872 3213 1149 3263; x_wconf 85' lang='lat' dir='ltr'>Eleaticum</span> <span class='ocrx_word' id='word_1_320' title='bbox 1173 3215 1428 3263; x_wconf 88' lang='lat' dir='ltr'>inductum</span> <span class='ocrx_word' id='word_1_321' title='bbox 1467 3226 1580 3261; x_wconf 86' lang='lat' dir='ltr'>esse</span> <span class='ocrx_word' id='word_1_322' title='bbox 1617 3224 1766 3273; x_wconf 84' lang='lat' dir='ltr'>snpra</span> <span class='ocrx_word' id='word_1_323' title='bbox 1803 3207 1907 3256; x_wconf 88' lang='lat' dir='ltr'>dis-</span> 
     </span>
     <span class='ocr_line' id='line_1_44' title="bbox 227 3279 1908 3349; baseline 0 -21"><span class='ocrx_word' id='word_1_324' title='bbox 227 3282 522 3346; x_wconf 78' lang='lat' dir='ltr'>putavimus.</span> <span class='ocrx_word' id='word_1_325' title='bbox 595 3282 789 3337; x_wconf 79' lang='lat' dir='ltr'>Deinde</span> <span class='ocrx_word' id='word_1_326' title='bbox 825 3284 1061 3335; x_wconf 86' lang='lat' dir='ltr'>Socrates</span> <span class='ocrx_word' id='word_1_327' title='bbox 1095 3286 1270 3349; x_wconf 89' lang='lat' dir='ltr'>utique</span> <span class='ocrx_word' id='word_1_328' title='bbox 1304 3284 1353 3333; x_wconf 85' lang='lat' dir='ltr'>in</span> <span class='ocrx_word' id='word_1_329' title='bbox 1391 3284 1498 3333; x_wconf 87' lang='lat' dir='ltr'>eius</span> <span class='ocrx_word' id='word_1_330' title='bbox 1533 3279 1737 3330; x_wconf 89' lang='lat' dir='ltr'>honoris</span> <span class='ocrx_word' id='word_1_331' title='bbox 1772 3280 1908 3328; x_wconf 83' lang='lat' dir='ltr'>venit</span> 
     </span>
     <span class='ocr_line' id='line_1_45' title="bbox 229 3350 1907 3418; baseline -0.001 -16"><span class='ocrx_word' id='word_1_332' title='bbox 229 3354 654 3415; x_wconf 77' lang='lat' dir='ltr'>communionem,</span> <span class='ocrx_word' id='word_1_333' title='bbox 695 3357 777 3418; x_wconf 89' lang='lat' dir='ltr'>qui</span> <span class='ocrx_word' id='word_1_334' title='bbox 812 3355 1099 3410; x_wconf 82' lang='lat' dir='ltr'>Parmenidi</span> <span class='ocrx_word' id='word_1_335' title='bbox 1145 3356 1346 3410; x_wconf 81' lang='lat' dir='ltr'>habitus</span> <span class='ocrx_word' id='word_1_336' title='bbox 1384 3358 1481 3406; x_wconf 82' lang='lat' dir='ltr'>est.</span> <span class='ocrx_word' id='word_1_337' title='bbox 1552 3350 1735 3403; x_wconf 83' lang='lat' dir='ltr'>Narrat</span> <span class='ocrx_word' id='word_1_338' title='bbox 1773 3351 1907 3400; x_wconf 87' lang='lat' dir='ltr'>enim</span> 
     </span>
    </p>
   </div>
  </div>
 </body>
</html>
