2028 3750
190 215 262 266 26
776 208 1291 262 PROLEGOMENA

192 364 357 409 tamen
395 356 489 403 iam
528 368 635 402 eam
675 353 733 400 ad
772 352 955 415 aliquid
992 350 1223 421 adhibet,
1260 352 1303 399 is
1342 368 1449 400 eam
1487 352 1738 418 possidet3
1773 353 1864 401 sed

192 429 277 490 qui
326 427 458 475 illam
507 440 634 473 nunc
688 425 851 488 ipsum
892 423 961 478 ad
1001 438 1144 471 usum
1179 417 1414 482 revocat,
1453 426 1493 472 is
1533 425 1737 473 eandem
1775 423 1863 471 ha

191 499 307 560 bet,
356 498 569 560 ideoque
620 496 814 558 quaerit
855 499 1086 555 tanquam
1131 493 1346 542 insciens
1385 494 1433 543 id
1472 496 1603 559 quud
1643 496 1735 542 iun
1776 510 1864 542 no-

190 571 280 624 vit
367 569 441 616 Ex
489 582 585 633 quo
632 565 872 628 liquidum
923 572 1033 624 est,
1070 563 1327 627 duplicem
1389 568 1526 629 quasi
1582 568 1682 614 noti
1690 567 1904 625 tiarum„

191 657 307 689 esse
357 640 692 689 xcnationcm:
742 635 984 695 alteram,
1037 651 1164 697 quae
1212 638 1545 715 possessionis
1593 653 1739 684 causa
1790 637 1864 696 fit,

190 712 423 766 alteram,
480 723 605 774 quae
656 707 939 770 possessori
986 706 1084 770 ipsi
1128 696 1282 755 utilis
1303 723 1355 755 es
1336 712 1417 764 t
1465 708 1659 770 quaudo
1695 708 1738 756 is
1776 724 1864 773 ap-

190 779 460 847 prehendit
498 782 551 825 εἴ
586 778 811 826 manibus
849 783 1024 826 tenire
1058 779 1202 844 cupit
1239 780 1369 842 quod
1408 779 1502 827 iam
1530 778 1713 829 dudum
1747 795 1864 844 pos-

189 852 395 904 sederit.
469 849 668 914 Quippe
705 854 877 914 potest
915 849 1094 912 aliquis
1131 850 1261 912 quod
1304 849 1484 899 dudum
1513 855 1732 910 noverat,
1769 851 1867 900 iam

190 932 330 972 certo
369 921 534 984 aliquo
575 928 804 986 tempore
843 921 1003 970 animo
1043 937 1134 968 suo
1174 923 1313 988 quasi
1348 929 1747 986 repracsentare,
1786 937 1866 968 rc-

189 1000 370 1060 petens
420 992 560 1057 quasi
609 997 758 1061 atque
806 997 984 1041 tenens
1029 991 1113 1051 id,
1160 993 1292 1055 quod
1341 993 1535 1041 etiamsi
1573 993 1654 1040 diu
1691 1007 1869 1056 posse-.-

190 1067 376 1125 disset,
419 1072 588 1112 tamen
619 1076 718 1111 non
756 1063 806 1111 in
845 1069 1047 1128 promtu
1086 1062 1314 1116 hahebat.
1387 1064 1558 1128 ltaque
1595 1063 1718 1116 falsa
1760 1064 1870 1128 opi-.

189 1138 302 1197 nio,
338 1135 432 1185 ‘his
483 1137 551 1185 ita
592 1134 807 1199 positis,
844 1135 942 1182 hoc
981 1134 1129 1183 modu
1167 1135 1419 1189 exoritur:
1493 1135 1570 1182 Ex
1615 1135 1675 1188 iis
1713 1135 1872 1187 omni-

187 1209 302 1269 bus,
341 1223 460 1271 quas
491 1205 600 1275 quis
628 1205 871 1271 possidet,
907 1205 1088 1256 mentis
1126 1206 1314 1255 notitiis
1351 1205 1437 1253 ine
1474 1206 1686 1268 aliquam
1721 1221 1873 1270 quae-

151 1321 157 1326 ,
189 1297 306 1334 rens
347 1285 402 1327 et
438 1276 738 1337 liabere„id
775 1284 855 1326 est
892 1277 952 1325 ad
994 1293 1134 1324 usum
1175 1278 1444 1336 adhihere,
1483 1276 1691 1326 studens
1727 1277 1873 1326 aliam

190 1367 309 1417 prox
333 1367 421 1408 ea,
462 1365 612 1413 ‚quam
662 1348 850 1410 voluit,
899 1347 1264 1412 apprehendit,
1315 1364 1478 1412 eoque
1513 1349 1662 1413 modo
1700 1348 1749 1396 in
1786 1347 1873 1398 de-

189 1418 353 1484 lectu,
394 1437 538 1490 quem
578 1420 824 1492 instituit,
861 1419 1083 1478 fallitur3
1122 1419 1177 1474 Ρ.
1219 1419 1337 1468 197.
1373 1419 1416 1471 R
1457 1446 1515 1455 -—
1558 1420 1675 1475 199,
1710 1420 1768 1470 Β.

330 1561 552 1613 Conatus
589 1562 745 1627 igitur
780 1563 878 1615 iam
914 1562 1154 1614 Socrates
1203 1567 1284 1612 est
1336 1579 1398 1613 ex
1433 1563 1593 1629 ipsius
1631 1564 1877 1613 scientiae

188 1638 364 1687 natura
412 1633 573 1682 falsae
621 1630 868 1699 opinionis
919 1635 1164 1699 originem
1201 1633 1456 1690 declarare
1492 1641 1643 1699 atque
1679 1636 1877 1701 patefa-

190 1723 341 1763 cere„
405 1705 594 1757 Verum
645 1722 708 1754 nc
754 1707 803 1755 in
851 1705 931 1760 his
981 1707 1178 1771 quidem
1241 1707 1660 1770 acquiescendum
1715 1713 1878 1772 putat,

189 1777 318 1827 Nam
371 1775 503 1844 quod
549 1777 650 1831 isto
696 1776 843 1827 modo
893 1777 1239 1843 saisa'opiuio
1288 1793 1351 1826 ex
1387 1779 1754 1845 permutatione
1791 1794 1876 1826 ea-

187 1865 328 1908 rum,
375 1852 496 1911 quas
546 1863 686 1902 mens
729 1849 943 1898 hnmana
1002 1850 1198 1909 hausit,
1256 1849 1544 1900 notitiarum
1605 1849 1875 1916 repetitur,

189 1919 239 1971 id
296 1919 343 1967 ei
395 1921 671 1988 permirum
718 1922 931 1974 videtur.
1013 1920 1214 1989 Quippe
1261 1921 1332 1971 ita
1377 1921 1534 1985 ipsius
1569 1919 1751 1969 iudicio
1792 1937 1877 1969 su-

189 1992 368 2055 mitur,
407 1990 538 2055 quod
577 1993 705 2043 sumi
741 1992 877 2046 nullo
915 1990 1064 2041 modo
1102 1993 1252 2052 licet,
1291 2007 1422 2051 eum,
1462 1991 1544 2055 qui
1579 1992 1707 2040 sciat
1743 1991 1877 2055 quod

191 2067 429 2131 qniacrat,
466 2061 600 2111 inter
635 2063 891 2117 sciendum
933 2067 1100 2116 tomen
1138 2061 1270 2111 aliud
1309 2063 1427 2126 quid
1462 2062 1598 2111 iilius
1634 2062 1751 2110 loco
1787 2079 1875 2112 ac·-

188 2136 385 2199 cipere,
437 2148 598 2197 eoque
646 2135 758 2199 ipso
803 2133 912 2183 salii
961 2140 1015 2183 et
1062 2135 1113 2184 in
1159 2132 1388 2187 fraudem
1432 2131 1616 2191 induci,
1691 2133 1880 2198 Neque

196 2204 460 2270 quidquam
499 2204 733 2269 prodest,
771 2206 813 2254 si
850 2205 960 2272 quis
999 2221 1169 2255 rerum
1203 2205 1409 2257 notitias
1446 2211 1551 2260 tum
1589 2220 1730 2253 veras
1771 2212 1878 2257 tum

196 2275 352 2334 falsas
401 2277 556 2325 menti
600 2276 844 2327 lnunmanae
889 2277 1167 2326 immiserit.
1239 2275 1364 2330 Nam
1411 2276 1495 2340 qui
1531 2275 1660 2328 salsa
1696 2277 1875 2340 opina-
1964 2323 1969 2325 c

193 2352 305 2407 tur,
354 2348 396 2395 is
435 2353 575 2398 certe
612 2349 813 2398 minime
849 2348 943 2397 sihi
978 2348 1231 2399 videbitur
1279 2347 1433 2402 falsas,
1466 2363 1635 2396 rerum
1672 2349 1878 2401 notitias

195 2434 308 2467 cum
347 2419 478 2468 veris
517 2421 911 2484 pcrmntavisse:
951 2420 1015 2468 de
1053 2434 1151 2484 quo
1189 2415 1308 2483 quid
1343 2417 1659 2473 iudicandum
1696 2419 1777 2479 sit,
1813 2435 1876 2468 ex
1932 2464 1934 2476 s

195 2490 540 2555 superioribus
565 2491 750 2543 clarum
775 2497 828 2542 ct
853 2492 1175 2557 perspicuum
1215 2505 1330 2539 esse
1367 2490 1548 2550 debet,
1583 2489 1659 2539 P..
1681 2490 1797 2539 199.
1832 2489 1875 2539 Β

192 2587 264 2598 --
300 2562 405 2608 8⁰0
461 2561 516 2613 Ι).
587 2561 762 2626 ltaque
798 2579 973 2612 rursus
1011 2563 1061 2612 id
1099 2562 1342 2626 agendum
1380 2567 1591 2620 censet,
1640 2566 1696 2609 ut
1732 2566 1875 2609 ante·-

194 2648 339 2696 quam
389 2631 546 2683 faisae
595 2635 842 2699 opinionis
890 2635 1020 2682 ratio
1058 2634 1368 2698 exquiratur,
1406 2632 1526 2699 quid
1562 2632 1628 2683 sit
1665 2633 1877 2684 sciens.

194 2703 316 2764 tia,
354 2703 541 2755 certina
579 2707 959 2772 accuratiusque
996 2706 1310 2755 decernatur.

334 2846 575 2896 Persistit
621 2846 936 2899 Theaetetus
992 2846 1045 2899 in
1093 2845 1341 2897 sententia
1399 2847 1565 2894 antea'
1598 2846 1877 2911 propos-ita,

195 2932 291 2981 qna
361 2934 471 2967 eam
539 2918 786 2970 contineri
857 2923 1103 2970 statuerat
1165 2918 1232 2968 in
1298 2923 1484 2970 recta
1548 2917 1874 2981 opinione·

195 2987 530 3048 Quamobrem
587 2991 824 3041 Socrate·
882 2990 982 3039 hoc
1044 2989 1283 3040 iudicium
1337 2988 1444 3037 cius
1493 3004 1623 3039 nunc
1671 2989 1875 3037 tandem

195 3073 404 3123 prorsus
458 3061 718 3115 confutare
766 3056 1027 3113 instituit.'
1086 3060 1249 3113 Docet
1286 3060 1417 3111 enim
1461 3059 1637 3109 indicis
1673 3065 1726 3108 et
1762 3075 1873 3108 ora-

195 3128 320 3177 toris
359 3131 619 3195 exemplo,
658 3134 790 3182 inter
826 3133 1085 3183 scientiam
1120 3138 1177 3183 et
1209 3137 1399 3186 rectam
1447 3131 1733 3196 opinionem
1770 3145 1872 3177 ma-

196 3216 345 3266 gnum
402 3199 666 3251 discrimen
722 3205 1052 3256 intercedere.
1123 3203 1248 3255 Nam
1287 3207 1511 3255 aratores
1561 3216 1660 3254 non
1706 3200 1874 3248 solere

195 3270 441 3328 iudicibus
489 3286 659 3322 verum
707 3275 939 3337 tradere,
989 3275 1080 3326 sed
1115 3274 1292 3323 iisdem
1328 3272 1378 3324 id
1417 3271 1573 3337 quod
1565 3271 1681 3336 ipsi
1718 3271 1875 3323 xelint

196 3342 526 3415 persuadere.
609 3343 677 3392 Et
713 3351 876 3407 tamen
913 3335 1143 3419 accidere
1177 3343 1414 3403 subinde,
1469 3349 1524 3397 ut
1557 3342 1746 3392 iudices
1788 3359 1876 3390 re-

198 3419 282 3474 cte
330 3429 548 3487 vereque
596 3404 892 3475 decernaut3
940 3419 1071 3483 quod
1119 3429 1208 3468 eos
1245 3431 1451 3485 semper
1485 3415 1707 3467 facturos
1742 3430 1874 3474 esse,
