2028 3750
209 182 283 235 64
793 185 797 193 ’
845 183 1272 239 ‘PLATONIS

210 326 354 404 ἅπερ
408 326 550 405 πρὸς
599 332 660 387 σὲ
710 329 839 396 νῦν,
895 333 991 387 καὶ
1031 327 1156 388 τότε
1197 329 1491 402 ἐσκήπτετο
1534 328 1674 408 πρὸς
1709 330 1885 408 ἡμᾶς·

213 418 328 472 ἐπεὶ
370 417 717 482 διακηκοέναι
757 419 816 483 γέ
854 433 1024 490 φησιν
1064 418 1264 482 ἱκανῶς
1285 420 1377 473 καὶ
1407 416 1508 473 οὐκ
1533 415 1889 490 ἀμνημονεῖν.

344 498 482 574 Cap.
527 493 608 553 II.
689 497 826 553 ΣΩ.
866 495 969 567 Μὴ
1009 503 1215 566 τοίνυν,
1257 493 1297 556 ὦ
1323 502 1450 569 ξένε,
1491 499 1647 573 ἡμῶν
1687 500 1791 570 τήν
1826 525 1888 574 γε

136 585 147 593 '
210 580 435 653 πρώτην
475 577 820 648 αἰτησάντων
854 580 1022 656 χάριν
1063 581 1418 658 ἀπαρνηθεὶς
1472 589 1617 662 γένῃ.
1652 582 1888 643 ,τοσόνδε

185 666 262 723 δ’
312 664 444 737 ἡμῖν
484 665 686 741 φράζε·
732 663 970 739 πότερον
1013 663 1225 732 εἴωθας
1253 666 1414 737 ἥδιον
1443 666 1613 734 αὐτὸς
1639 673 1728 725 ἐπὶ
1754 688 1891 725 σαυ-

210 751 311 806 τοῦ
369 751 561 822 μακρῷ
619 745 763 820 λόγῳ
809 750 1056 817 διεξιέναι
1095 755 1262 822 λέγων
1304 757 1490 819 τοῦτο,
1534 749 1564 808 ὃ
1609 749 1683 807 ἂν
1723 757 1891 810 ἐνδεί-

209 835 428 902 ξασθαί
479 853 555 903 τῳ
608 833 929 911 βουληθῇς,
981 829 1017 902 ἢ
1063 833 1136 890 δι’
1185 835 1526 908 ἐρωτήσεων,
1591 834 1714 892 οἶόν
1755 857 1890 894 ποτε

206 921 302 975 καὶ
341 920 665 993 Παρμενίδῃ
702 925 959 990 χρωμένῳ
1005 921 1097 974 καὶ
1139 919 1388 988 διεξιόντι
1422 920 1624 994 λόγους
1663 919 1890 990 παγκά-

206 1006 339 1066 λους
379 1000 761 1075 παρεγενόμην
801 998 902 1073 ἐγώ
947 1006 1069 1069 νέος
1107 999 1201 1072 ὤν,
1243 1009 1449 1064 ἐκείνου
1489 1003 1642 1080 μάλα
1674 1001 1738 1072 δὴ
1763 1002 1889 1061 τότε

209 1083 375 1152 ὄντος
414 1083 749 1162 πρεςβύτου;

321 1309 372 1351 Β.
433 1306 570 1362 ἅπερ
609 1302 742 1362 πρός
780 1307 831 1349 σὲ
865 1304 985 1358 νῦν]
1044 1304 1162 1349 vett.
1195 1303 1315 1347 editt.
1346 1302 1455 1362 ἅπερ
1484 1304 1558 1348 καὶ
1587 1302 1699 1364 πρδς
1727 1308 1770 1352 σέ
1796 1307 1885 1350 νῦν.

208 1365 300 1410 Sed
327 1365 398 1408 καὶ
424 1367 620 1420 ignorant
647 1363 774 1406 codd.
807 1376 956 1406 omnes
983 1370 1156 1419 praeter
1183 1364 1290 1407 Ven.
1321 1363 1358 1405 Ξ
1365 1366 1408 1406 Σ
1425 1367 1475 1406 Υ.
1508 1365 1668 1407 Zittav.

322 1480 373 1522 C.
434 1473 523 1531 Μη
564 1478 770 1527 τοίνυν,
807 1493 838 1518 ω
882 1475 1021 1526 ξένε,
1060 1473 1228 1533 ημῶν]

1287 1494 1325 1532 η
1322 1492 1407 1518 uon!
1440 1479 1568 1532 vulgo
1611 1484 1709 1522 ante
1738 1497 1770 1522 ω
1801 1479 1890 1527 ἓὲνε

207 1539 370 1583 illatum
398 1538 697 1592 plurimorum
730 1535 817 1578 imo
847 1535 1036 1576 omnium
1067 1535 1160 1576 fere
1190 1534 1386 1576 codicum
1416 1535 1669 1578 auctoritate
1686 1538 1770 1580 alio
1790 1540 1889 1579 loco

209 1597 526 1638 collocavinnls,
587 1593 695 1634 Mox
724 1605 868 1633 rursus
898 1591 1022 1633 Bodl.
1054 1592 1169 1644 Vat.9
1200 1597 1249 1634 ut
1271 1593 1426 1645 solent,
1458 1592 1757 1652 Παρμενείδῃ.
1789 1594 1891 1637 Hoc.

204 1655 338 1708 igitur
368 1653 519 1695 dehinc
546 1664 634 1694 nou.
661 1651 838 1706 amplius
868 1650 1214 1691 memorabimus

209 1819 368 1873 σιάζειν
407 1831 495 1864 non
522 1819 653 1863 modo
681 1818 892 1871 dativum,
931 1831 1011 1860 ve-

184 1893 304 1935 rrum
343 1880 471 1922 etiam
513 1878 742 1933 genitivum
792 1875 1007 1920 adsciscit.

209 1951 250 1980 v.
270 1937 535 1980 Matthiae
562 1936 640 1979 Gr.
662 1934 700 1986 ἓ.
723 1938 821 1979 386.
845 1939 884 1978 4.
910 1947 1006 1978 ann.

209 2001 251 2037 2.
291 2000 335 2036 et
374 1999 412 2037 5.
489 1993 597 2035 Dein
647 1991 1010 2034 Heindorfius

211 2052 267 2095 de
297 2053 539 2094 coniectura
570 2050 758 2103 scripsit:
790 2047 813 2089 ὃ
837 2050 882 2090 δὲ
902 2044 1010 2090 ‘cmi-

207 2107 283 2162 τά,
312 2107 418 2162 ἅπερ
448 2123 519 2162 πρ.
551 2121 589 2150 σ.
651 2108 749 2150 Quo
787 2119 872 2149 non
903 2119 1010 2174 opus

211 2179 310 2209 esse
352 2166 474 2208 facile
517 2165 696 2217 senties,
751 2164 823 2205 ubi
866 2165 1011 2204 ταῦτα

206 2236 468 2290 pronomen
501 2222 629 2264 etiam
686 2221 825 2262 omitti
880 2233 1012 2275 posse

209 2281 496 2334 reputaveris,
540 2278 655 2346 quod
687 2283 804 2319 certe
832 2278 923 2319 fieri
951 2278 1011 2319 ita

211 2351 294 2380 non
326 2343 497 2392 posset
527 2337 562 2376 si
592 2336 747 2388 ubique
774 2330 911 2375 ταῦτα
939 2347 1010 2376 re-

211 2408 354 2448 quiret
358 2400 462 2435 etur
507 2394 643 2446 Gorg.
675 2406 713 2446 p.
762 2394 857 2432 510.
889 2392 943 2435 A.
972 2391 1012 2432 εἴ

212 2466 286 2493 σοι
324 2452 439 2491 δοκεῖ
474 2447 580 2503 ἥπερ
602 2425 727 2506 nepos.
780 2449 1008 2499 Protagor.

213 2523 256 2563 p.
290 2512 386 2551 340.
419 2507 472 2551 B.
512 2508 550 2546 εἴ
578 2520 649 2547 σοι
685 2506 878 2547 συνδοκεῖ
905 2518 1012 2559 οπερ

213 2569 266 2620 ἐμ
269 2565 323 2609 οἰ.
366 2564 527 2607 Phaed.
570 2577 610 2617 p.
643 2568 712 2607 64.
745 2563 794 2604 C.
827 2556 898 2603 ἐὰν
927 2560 1014 2615 ἄρα

212 2623 285 2665 καὶ
314 2622 382 2664 σοὶ
411 2621 592 2677 συνδοκῃ
617 2617 726 2676 ἅπερ
759 2620 866 2672 ἐμοί.
925 2619 1013 2662 lta-

213 2693 296 2734 que
324 2695 462 2721 ταιτα
504 2678 591 2720 hic
605 2690 689 2719 non
724 2678 862 2718 minus
891 2681 1013 2718 tene-

215 2738 354 2779 bimus
385 2749 510 2790 quam
539 2735 669 2789 Hipp
703 2735 803 2778 min
836 2747 877 2788 p
912 2738 1009 2777 365.

212 2795 266 2838 D.
301 2794 370 2835 καὶ
400 2793 466 2835 σοὶ
495 2793 683 2838 ξυνδοκεῖ
710 2791 876 2845 ταῦτα,
902 2805 1012 2846 απερ

215 2853 299 2910 φὴς
324 2849 514 2919 “Ομηρον
543 2849 689 2904 λέγειν.

307 2909 354 2951 C.
444 2905 799 2975 απαρνηθεὶς
856 2905 1010 2974 γένη]

215 2966 325 3019 501)
339 2966 376 3007 lu
418 2966 485 3009 Ai.
525 2977 565 3007 v.
602 2968 695 3004 588.
734 2963 794 3019 μὴ
825 2959 1013 3018 προδους

213 3020 330 3076 ἡμᾶς
357 3023 466 3079 γεᾞνῃ
504 3022 575 3063 ubi
606 3035 713 3075 quae
742 3021 1012 3062 Lobecki-

213 3091 276 3119 us
306 3080 542 3131 congessit,
586 3079 637 3120 iis
673 3079 795 3120 facile
836 3077 1012 3129 augebis

213 3137 357 3188 copias
411 3136 739 3177 Heindorfianas
789 3133 844 3175 ad
892 3133 933 3178 h.
981 3136 1008 3176 l.

213 3197 464 3234 contractas.
483 3214 533 3224 —-
574 3189 740 3242 αὐτὸς
769 3190 858 3233 ἐπὶ
887 3205 1010 3232 σαυ-

210 3263 332 3299 του,
367 3250 487 3301 ipse
524 3263 622 3303 pro
663 3255 744 3296 te
784 3249 897 3290 nullo
926 3248 1009 3290 alio

213 3317 453 3346 sermonem
519 3311 637 3347 tuum
703 3306 1008 3372 interpellante,

211 3362 326 3415 quod
350 3375 449 3403 mox
466 3361 617 3402 dicitur
635 3358 683 3403 τό
703 3360 813 3404 καθ’
837 3359 1005 3405 ἑαυτόν.

271 3415 387 3461 οἷόν
449 3431 582 3460 ποτε
650 3420 742 3460 καὶ
798 3418 1007 3475 Παρμ.]

1091 1815 1541 1873 quemadmodum
1572 1814 1696 1863 olim
1726 1819 1891 1864 etiam

1091 1876 1414 1919 Parmenidi
1463 1877 1580 1919 illis
1620 1878 1891 1932 (interroga-

1092 1933 1314 1988 tionibus)
1355 1935 1534 1975 utenti
1577 1938 1633 1978 et
1672 1937 1891 1990 perpul-

1094 2004 1213 2032 cras
1264 1990 1549 2033 orationes
1593 1993 1890 2046 exponenti

1094 2047 1231 2089 affui
1290 2061 1390 2101 ego
1446 2049 1680 2101 iuvenis,
1735 2062 1891 2103 quum

1091 2105 1193 2146 ille
1251 2110 1384 2147 tunc
1441 2105 1542 2147 iam
1601 2106 1891 2148 admodum

1093 2174 1265 2204 senex
1295 2167 1461 2203 esset.
1520 2163 1669 2215 ltaque
1698 2163 1752 2204 ad
1775 2177 1893 2216 χρω-

1091 2221 1200 2273 μένῳ
1238 2218 1556 2271 intelligendum
1595 2216 1767 2272 αὐταῖς,
1818 2220 1891 2272 qui

1092 2287 1194 2316 usus
1241 2275 1439 2328 loquendi
1482 2276 1706 2330 diligenter
1741 2282 1893 2318 tenen-

1094 2332 1188 2375 dus.
1246 2333 1312 2375 De
1362 2333 1474 2399 Rep.
1515 2310 1580 2377 V?
1611 2347 1654 2388 p
1695 2334 1889 2378 452.1).

1091 2387 1188 2431 ἀλλ’
1238 2387 1382 2443 ἐπειδή
1399 2418 1411 2439 ‚
1460 2391 1606 2456 οἶμαι,
1655 2407 1892 2446 χρωμενοις

1092 2443 1266 2516 ἄμεινον
1298 2445 1349 2487 τὸ
1383 2441 1676 2491 ἀποδύεσθαι.
1705 2449 1778 2489 ubi
1811 2449 1887 2491 int.

1093 2501 1262 2554 αὐτοῖς,
1329 2515 1388 2546 sc.
1460 2508 1556 2551 τοῖς
1617 2507 1891 2574 γυμνασίοις.

1092 2560 1234 2615 Legg.
1255 2561 1288 2604 Ῑ.
1310 2574 1352 2614 p.
1370 2565 1466 2604 637.
1486 2561 1539 2604 E.
1565 2559 1781 2618 Θρᾷκες“’
1754 2561 1892 2631 ακρά-

1093 2632 1151 2671 τῳ
1180 2616 1430 2659 παντάπασι
1453 2633 1674 2673 χρωμειοι.
1705 2620 1776 2662 int.
1809 2616 1893 2661 αὖ·

1092 2675 1170 2728 τῷ.
1201 2677 1268 2718 De
1289 2677 1400 2730 Rep.
1423 2675 1494 2717 VI.
1517 2690 1558 2729 p.
1580 2680 1677 2720 489
1703 2676 1756 2720 Β.
1787 2673 1891 2723 τοὺς

1096 2732 1157 2787 μὴ
1193 2738 1440 2788 χρωμένους
1476 2735 1613 2774 κέλευε
1642 2734 1889 2776 αἰτιᾶσθαι.

1094 2790 1332 2860 Xenopli.
1390 2790 1546 2855 Cyrop.
1594 2791 1668 2835 lv.
1718 2795 1768 2843 3,
1818 2796 1887 2833 23.

1093 2844 1196 2896 ὥςτε
1225 2848 1289 2889 ἔτι
1317 2847 1387 2888 και
1415 2846 1487 2888 νῦν
1523 2848 1563 2893 ἐξ
1591 2849 1748 2890 ἐκείνου
1776 2847 1888 2891 οὕτω

1090 2905 1280 2960 χρῶνται
1297 2906 1478 2960 Πέρσαι.
1512 2905 1766 2975 Sophocl.
1800 2907 1890 2948 Oe-

1095 2963 1178 3016 dip.
1221 2961 1323 3015 Tyr
1362 2975 1402 3006 v.
1440 2965 1535 3006 117.
1578 2959 1679 3002 ουδ’
1714 2961 1891 3017 ἄγγελός

1093 3035 1162 3067 τις
1197 3018 1296 3061 οὐδὲ
1327 3017 1610 3075 συιιπράκτωρ
1641 3016 1748 3061 ὁδοῦ
1783 3035 1889 3061 κατ-

1095 3070 1195 3129 εἶδ’,
1225 3074 1329 3118 ὅτου
1357 3091 1421 3123 ’τις
1455 3075 1659 3131 ἐκμαθὼν
1685 3074 1885 3129 ἐχρήσατ’

1093 3133 1161 3174 ἄν.
1195 3147 1252 3176 sc.
1277 3133 1335 3186 τῷ
1352 3130 1625 3177 ιῖκουσθεᾞντι
1686 3133 1884 3176 Ceterum

1096 3191 1279 3232 dubitari
1329 3203 1412 3230 non
1458 3194 1604 3244 potest
1645 3189 1708 3231 his
1743 3192 1886 3231 verbis

1094 3247 1318 3301 significari
1338 3248 1487 3289 librum
1523 3245 1729 3298 Platonis„
1760 3259 1886 3299 quem

1092 3305 1360 3347 Parmenidis
1429 3305 1597 3346 nomine
1663 3302 1886 3358 inscripsit.

1093 3361 1345 3413 Quanquam
1374 3363 1552 3403 multum
1579 3358 1786 3412 falluntur,
1817 3363 1887 3414 qni

1092 3417 1336 3472 Sophistam
1380 3423 1424 3461 et
1470 3415 1752 3460 Theaetetum
1787 3424 1887 3473 post
