2028 3750
717 152 720 156 ’
755 152 1191 222 εοΡΗιετΑ.
1713 165 1823 220 2⁰5

107 320 231 387 ,νῦν
272 319 600 391 εἰρημένων·
645 314 752 372 εἴτε
795 310 870 379 ὥς
910 334 964 370 τι
982 309 1231 386 χαλεπὸν
1250 308 1675 380 κατανενοηκὼς
1696 315 1822 384 χαί-

123 426 212 480 ρει
252 405 379 460 τοτὲ
423 404 526 474 μὲν
567 402 656 456 ἐπὶ
699 395 930 473 θάτερα
970 400 1098 453 τοτὲ
1142 395 1194 453 δ
1257 399 1348 455 ἐπὶ
1401 393 1632 469 θάτερα
1686 393 1821 462 τοὺς

82 527 84 529 >
124 486 328 558 λόγους
369 489 572 549 ἕλκων,
617 481 719 540 οὐκ
759 478 891 549 ἄξια
934 482 1142 549 πολλῆς
1182 483 1428 549 σπουδῆς
1465 477 1849 548 ἐσπούδακεν.

125 569 202 637 ὡς
243 576 299 628 οἱ
341 572 444 626 νῦν
487 565 673 640 λόγοι
706 571 861 644 φασί.
905 569 1074 622 τοῦτο
1117 567 1220 638 μὲν
1261 587 1371 638 γαρ
1414 561 1543 622 οὔτε
1587 584 1643 620 τι
1673 582 1820 637 κομ-
1848 583 1853 589 ··

124 651 247 731 ψὸν
289 651 419 712 οὔτε
455 648 702 725 χαλεπὸν
741 648 957 726 εὑρεῖν,
975 656 1148 707 ἐκεῖνο
1191 647 1246 707 δ’
1294 646 1402 719 ἤδη
1445 650 1540 706 καὶ
1575 646 1822 723 χαλεπὸν

126 737 247 814 ἅμα
290 740 385 794 καὶ
427 732 620 797 καλόν.
755 788 757 792 ⁴

256 822 466 878 ΘΕΑΙ.
557 815 636 876 Τὸ
680 825 881 886 ποῖον;

208 903 369 968 «ΞΕ.
439 901 507 960 Ὃ
543 906 637 960 καὶ
682 902 938 977 πρόσθεν
966 901 1195 974 εἴρηται,
1237 897 1303 956 τὸ
1351 901 1532 957 ταῦτα
1573 899 1830 958 ἐάσαντα,

44 1040 53 1051 „
126 987 202 1056 ὡς
243 986 459 1046 δυνατοὶ
499 997 618 1052 τοῖς
661 991 976 1059 λεγομένοις
1033 984 1154 1042 ὁῖόν
1194 983 1249 1039 τ’
1300 982 1442 1042 εἶναι
1483 985 1630 1041 καθ’
1694 987 1822 1042 ἕκα-

125 1095 260 1131 στον
302 1077 592 1144 ἐλέγχοντα
633 1074 1076 1135 ἐπακολουθεῖν,
1118 1067 1260 1123 ὅταν
1302 1075 1359 1125 τέ
1401 1091 1483 1134 τις
1523 1075 1711 1143 ἕτερον
1752 1066 1821 1126 ὅν

128 1179 209 1238 πη
252 1154 464 1213 ταύτὸν
508 1152 650 1211 εἶναι
691 1157 770 1232 φῆ
814 1156 907 1209 καὶ
950 1151 1092 1209 ὅταν
1117 1148 1328 1208 ταύτὸν
1353 1148 1420 1208 ὃν
1444 1158 1677 1227 ἕτερον,
1688 1157 1820 1211 ὲκεί-

83 1279 88 1287 ,
127 1262 197 1320 νη
238 1243 334 1297 καὶ
375 1236 498 1296 κατ’
546 1245 736 1305 ἐκεῖνο,
779 1235 810 1294 ὅ
856 1256 994 1314 φησι
1033 1232 1248 1292 τούτων
1289 1240 1640 1301 πεπονθέναι
1662 1235 1827 1294 πότε-

126 1346 274 1397 ρον.
310 1320 376 1380 τὸ
435 1326 492 1380 δὲ
547 1320 760 1377 ταύτὸν
815 1326 1019 1394 ἕτερον
1057 1319 1397 1396 ἀποφαίνειν
1436 1319 1690 1398 αμηγέπῃ
1731 1323 1828 1378 καὶ

125 1406 192 1466 τὸ
250 1408 508 1479 θάτερον
581 1401 791 1461 ταύτὸν
848 1407 940 1460 καὶ
1006 1400 1071 1460 τὸ
1124 1408 1266 1474 μέγα
1322 1402 1553 1477 σμικρὸν
1608 1408 1703 1461 καὶ
1756 1403 1824 1462 τὸ

127 1491 345 1565 ὅμοιον
369 1489 665 1563 ἀνόμοιον,
703 1491 798 1545 καὶ
834 1493 1049 1561 χαίρειν
1091 1485 1235 1543 οὕτω
1279 1486 1552 1544 τάναντία
1578 1487 1666 1546 ἀεὶ
1686 1510 1829 1564 προ-

126 1582 371 1653 φέροντα
414 1581 474 1630 ἐν
517 1581 634 1638 τοῖς
674 1571 889 1643 λόγοις,
932 1569 1058 1628 ούτε
1101 1592 1185 1636 τις
1224 1574 1438 1643 ἕλε>χος
1479 1565 1649 1638 οὗτος
1684 1572 1824 1641 αληιο

125 1657 298 1724 θινὸς
349 1677 481 1733 αρτι
534 1678 591 1713 τε
646 1659 758 1713 τῶν
814 1652 991 1713 ὄντων
1033 1651 1185 1744 τινὸς
1227 1660 1616 1734 ἐφαπτομένου
1660 1659 1828 1726 δῆλος

126 1739 383 1817 νεογενὴς
423 1737 518 1799 ὦν.

192 1864 194 1866 -
258 1828 470 1942 ΘΕᾼΙ.
552 1823 775 1903 Κομιδῇ
817 1826 921 1898 μὲν
965 1813 1086 1881 οὖν.

125 2047 252 2093 vind.
281 2047 398 2090 Flor.
430 2046 458 2089 i.
491 2046 592 2088 Zitt.
652 2044 901 2102 Legebamr
928 2042 1213 2087 ἐπισκεπτέον.

240 2105 295 2147 Ι).
356 2106 530 2159 ἐκείνῃ
570 2102 664 2144 καὶ
703 2100 816 2142 κατ’
858 2105 1039 2143 ἐκεῖνο
1068 2124 1127 2137 ·--·
1156 2101 1426 2158 πότερον]
1485 2102 1610 2147 Haec
1657 2109 1825 2148 temere

126 2163 332 2204 censebat
361 2147 592 2203 Corna‘rius
623 2160 717 2202 eiici
739 2164 954 2213 oportere.
1014 2159 1105 2202 Pro
1138 2159 1320 2214 τούτων,
1350 2160 1468 2215 quod
1498 2162 1659 2204 habent
1687 2163 1822 2208 Coisl.

125 2220 234 2262 Ven.
265 2220 323 2261 Λ.
355 2219 456 2261 Par.
487 2216 741 2259 BCEFH.
771 2217 808 2258 F
812 2219 890 2259 lor
922 2229 961 2260 a.
999 2230 1036 2259 c.
1070 2222 1114 2259 et
1146 2227 1256 2259 corr.
1274 2219 1353 2271 H.‚
1385 2224 1487 2261 vett.
1516 2219 1635 2262 editt.
1661 2219 1823 2275 τούτῳ

124 2276 252 2320 Bodl.
284 2277 380 2319 Vat.
412 2276 518 2319 Ven.
552 2275 649 2318 ΞΣ.
681 2279 726 2318 et
753 2275 819 2330 pr‘.
850 2273 911 2317 11.
941 2277 1088 2315 τοῦτο.
1124 2276 1248 2318 vind.
1279 2280 1454 2319 τοῦτον.

126 2431 297 2475 ratione
317 2431 539 2474 arbitrarie
556 2429 802 2485 praedicata
834 2441 940 2472 con-

124 2489 356 2531 nectebant
385 2494 514 2541 atque
532 2489 631 2530 inde
656 2488 827 2531 efficere
861 2500 940 2529 co-

124 2546 362 2597 nabantur,
400 2558 486 2586 non
514 2546 643 2586 licere
673 2546 743 2587 uni
773 2544 936 2587 eidem-

126 2614 210 2655 que
240 2601 302 2643 rel
332 2603 476 2655 plures
499 2603 801 2643 attributiones
831 2615 935 2655 pro-

126 2658 240 2713 prias
283 2663 450 2711 putare.
525 2659 654 2701 Quod
692 2659 728 2699 si
769 2671 823 2700 ex
863 2672 934 2701 me

125 2715 296 2768 quaeris
333 2713 505 2767 quinam
543 2715 601 2755 ita
641 2715 841 2766 fecerint,
888 2715 932 2755 in

126 2776 301 2826 promtu
334 2777 401 2813 est
422 2771 659 2826 responsio.
716 2771 935 2812 Fecerunt

127 2829 238 2870 enim
279 2828 507 2881 Megarici,
549 2827 620 2879 qul
659 2828 933 2881 praedicato-

126 2897 221 2926 rum
237 2886 486 2927 varietatem
521 2897 691 2925 omnem
709 2884 928 2926 tollebant.

126 2942 238 2983 Vide
277 2955 390 2994 quae
431 2942 484 2983 de
526 2942 603 2983 hac
639 2955 687 2983 re
726 2953 860 2994 nuper
888 2940 931 2981 in

125 2999 331 3052 Prolegg.
372 3000 425 3040 ad
471 2996 773 3040 parmenidem
818 2997 930 3049 libro

67 3096 70 3102 f
126 3056 160 3098 1.
193 3061 299 3098 sect.
329 3056 382 3098 11.
413 3070 454 3110 p.
488 3060 541 3096 38
562 3069 654 3110 sqq.
687 3062 731 3097 et
761 3060 813 3095 63
834 3067 928 3106 sqq.

125 3114 422 3167 exposu5111US‚
454 3115 611 3154 collato
643 3115 742 3154 loco
772 3110 931 3164 Sophi-

125 3176 220 3213 stae
255 3184 294 3224 p.
330 3175 426 3210 246.
467 3170 505 3212 B
544 3184 634 3223 sqq.
675 3176 720 3211 et
755 3175 850 3209 25¹.
891 3173 930 3209 A

125 3242 219 3281 sqq.
276 3227 560 3270 lide111etian1
581 3228 818 3281 apagogica
837 3225 928 3266 dis-
961 3259 964 3269 .

121 3286 295 3327 serendi
322 3285 388 3325 via
411 3285 473 3326 usi
497 3298 593 3326 esse
614 3285 825 3335 videntur,
856 3296 929 3323 se·-

109 3343 212 3383 -cuti
256 3343 334 3384 hae
363 3342 404 3382 in
448 3355 495 3383 rc
526 3343 712 3383 Zenonis
742 3339 926 3382 Eleatici

126 3401 386 3456 exemplum,
419 3399 475 3442 de
494 3412 578 3453 quo
600 3411 640 3441 v»
665 3399 923 3452 Prolegg.

1020 2428 1077 2472 ad
1105 2428 1353 2473 Parmenid.
1383 2435 1525 2486 p.232.

1078 2488 1131 2529 D.
1174 2487 1298 2542 ἄρτι
1327 2503 1384 2530 τε
1413 2493 1516 2530 τῶν
1545 2487 1713 2530 ὄντων
1741 2493 1825 2531 vul

1020 2544 1118 2591 νὸς
1181 2546 1567 2601 ἐφαπτομένου
1648 2547 1824 2599 δῆλος

1019 2603 1278 2655 νεογενὴς
1307 2601 1397 2656 ὧν]
1436 2603 1496 2644 Η.
1530 2617 1569 2645 e.
1614 2616 1678 2644 ac
1717 2617 1821 2645 ma·-

1018 2658 1229 2699 nifesto
1285 2659 1395 2700 ista
1455 2660 1672 2701 novitia
1733 2665 1820 2703 est

1018 2715 1313 2766 inquisitio
1367 2715 1601 2757 hominis
1643 2717 1819 2758 alicu-

1016 2771 1124 2822 ius,
1165 2771 1252 2823 qui
1293 2784 1465 2825 nuper
1507 2771 1715 2815 demum
1757 2786 1818 2816 ea

1017 2840 1149 2879 quae
1202 2834 1332 2869 sunt
1368 2829 1648 2881 attingere
1694 2843 1818 2873 coe·
1897 2853 1903 2858 ·

1017 2884 1108 2937 pit.
1169 2884 1280 2927 Num
1326 2885 1456 2937 igitur
1483 2886 1686 2928 Euclides
1717 2888 1818 2929 Me-

1016 2941 1291 2993 garicusstnis
1329 2942 1469 2983 verbis
1510 2943 1721 2986 notatur?
1766 2957 1822 2986 an

1015 2998 1168 3050 aliquis
1215 2998 1561 3052 Socraticorum,
1613 3002 1685 3053 qui
1719 2999 1820 3042 Eri-

1015 3055 1218 3096 eticorum
1233 3056 1439 3097 rationem
1456 3059 1677 3111 amplexus
1693 3057 1821 3103 erat?

1015 3111 1118 3152 Hoc
1151 3112 1185 3153 si
1217 3118 1308 3164 est,
1338 3113 1634 3157 Antisthenem
1666 3115 1821 3157 intelli-

1016 3182 1120 3221 gere
1159 3169 1326 3222 licebit,
1363 3183 1491 3222 quem
1531 3175 1702 3212 constat
1738 3172 1820 3212 do-

1017 3225 1182 3277 cuisse,
1224 3226 1278 3268 de
1315 3239 1568 3280 unaquaque
1614 3242 1662 3270 re
1715 3228 1821 3270 illud

1013 3282 1154 3335 ipsum
1185 3284 1481 3325 tantummodo
1503 3285 1736 3338 praedicari
1768 3286 1820 3326 li-

1013 3351 1142 3391 cere,
1183 3340 1301 3393 quod
1338 3342 1433 3395 ipsa
1461 3347 1611 3384 natura
1638 3355 1719 3382 sua
1748 3355 1821 3382 es-

1012 3402 1100 3439 set:
1131 3401 1180 3439 ut
1207 3410 1344 3451 quum
1373 3397 1551 3442 dicimus
1574 3412 1722 3442 mensa
1751 3403 1819 3440 est
