2028 3750
199 295 201 298 Α
219 235 289 287 12
802 233 1071 284 rachim
1083 233 1322 285 οΜΕΝΑ

220 384 333 440 tor,
399 377 482 442 qui
535 375 619 425 ubi
674 375 734 423 ab
793 375 934 423 initio
987 375 1226 438 quaedam
1278 377 1473 427 locutus
1522 382 1630 439 cst,
1690 397 1898 446 prorsus

222 450 517 501 conticescit
566 463 622 494 ac
679 445 861 493 deiude
909 447 1087 508 tacitus
1137 448 1342 495 assidet.
1416 448 1681 499 Enimvero
1731 460 1898 516 partes

221 523 330 570 eius
370 523 587 568 tributae
624 522 740 564 suut
775 517 964 577 homini
1003 519 1269 581 peregrino
1321 523 1373 567 et
1425 522 1567 568 nobis
1616 521 1776 572 adhuc
1823 526 1899 572 iii-

222 592 450 654 cognito,
513 588 702 651 hospiti
747 587 939 636 cuidam
985 589 1243 649 Eleatico,
1289 606 1432 653 quem
1483 591 1795 641 Theaetetus
1846 600 1899 643 et

222 662 732 714 Theodorus-secum
781 659 1118 719 adduxerunt3
1169 661 1210 708 is
1261 661 1414 724 igitur
1466 679 1575 711 cum
1615 662 1900 713 Theaeteto

220 732 426 780 disserit
460 744 694 778 sermone
731 728 841 778 fere
879 736 1156 794 perpetuo,
1193 737 1344 795 atque
1379 732 1480 791 ita,
1530 739 1584 781 ut
1621 735 1779 783 ceteri
1817 735 1901 798 qui

219 804 471 853 intersunt
508 800 783 863 colloquio,
833 801 913 849 vix
962 801 1043 849 liic
1093 807 1145 849 et
1193 802 1294 850 illic
1329 802 1515 867 aliquid
1564 805 1900 870 interponant.

220 874 413 925 Deinde
465 888 555 935 per
604 872 883 922 universum
934 872 1045 919 sere
1096 889 1375 921 sermonem
1420 881 1600 937 regnat
1638 892 1695 922 ca
1737 876 1899 924 disse-

219 945 366 995 rendi
424 947 585 1003 ratio,
641 959 785 1006 quam
845 943 1057 1006 quilibet
1118 943 1269 992 facile
1330 945 1514 994 sentiat
1568 963 1595 993 a
1643 947 1901 996 Socratica

220 1018 306 1066 illa
355 1015 618 1072 facilitate,
679 1013 939 1073 ubertate,
992 1014 1240 1078 elegantia
1288 1016 1591 1079 aliquantum
1635 1019 1900 1072 recedere.

219 1088 346 1139 Nam
393 1085 771 1148 adstringuntur
815 1085 979 1133 omnia
1033 1085 1143 1134 fere
1181 1086 1472 1136 dialecticae
1509 1088 1698 1136 cuidam
1738 1089 1898 1137 subti-

219 1157 376 1217 litati,
454 1171 581 1219 quae
643 1171 703 1204 ex
755 1155 961 1204 scholae
1025 1157 1232 1206 alicuius
1283 1174 1375 1206 usu
1430 1164 1483 1206 et
1537 1161 1899 1208 consuetudine

221 1231 373 1281 ducta
419 1229 644 1276 videtur:
697 1227 895 1275 insolita
945 1228 1245 1277 minutarum
1292 1227 1583 1277 divisionum
1638 1237 1692 1278 et
1742 1231 1899 1295 parti-

219 1302 411 1351 tionum
466 1298 608 1362 copia
655 1297 715 1346 ad
773 1313 917 1346 usum
965 1305 1229 1347 revocatur
1276 1304 1426 1363 atque
1486 1300 1762 1365 explicatur
1807 1302 1899 1362 sic,

220 1378 307 1434 ut,
357 1371 472 1417 dum
523 1370 752 1416 notiones
801 1368 1024 1417 bifariam
1074 1385 1275 1434 semper
1322 1369 1604 1419 dividuntur
1651 1374 1758 1420 eius
1806 1373 1900 1432 rei,

222 1444 287 1495 de
345 1458 439 1505 qua
500 1440 693 1503 agitur,
753 1439 913 1488 finitio
975 1445 1256 1488 accuratior
1315 1443 1632 1504 anquiratur3
1691 1443 1899 1492 adhibe-

220 1520 306 1564 tur
341 1514 469 1562 haec
505 1513 677 1559 eadem
717 1510 996 1559 disserendi
1034 1513 1158 1559 ratio
1199 1510 1407 1560 subinde
1445 1513 1594 1562 etiam
1629 1513 1690 1561 iis
1728 1515 1896 1575 rebus,

223 1600 351 1650 quae
389 1600 415 1630 a
454 1583 715 1647 proposito
762 1588 877 1630 sunt
924 1583 1214 1643 alieniores,
1262 1588 1319 1632 ut
1366 1575 1562 1632 scilicet
1608 1582 1900 1633 dialecticae

223 1655 528 1721 quaestionis
579 1653 718 1717 quasi
767 1655 1046 1717 exemplum
1103 1652 1349 1717 quoddam
1399 1655 1461 1702 ob
1518 1654 1689 1704 oculos
1745 1668 1914 1720 pona-⁴

221 1735 335 1786 tur3
394 1741 488 1772 una
547 1725 822 1787 eademque
879 1741 960 1773 res
1018 1725 1200 1774 iterum
1261 1728 1547 1790 iterumque
1600 1733 1805 1775 vocatur
1848 1727 1901 1775 in

221 1798 669 1863 disceptationem,
723 1797 791 1844 ita
830 1802 1024 1855 tamen,
1070 1804 1127 1845 ιιι
1173 1797 1246 1844 vis
1285 1797 1392 1844 eius
1440 1804 1493 1845 et
1530 1802 1704 1846 natura
1738 1798 1898 1845 inter-

223 1870 339 1918 dum
381 1869 534 1931 magis
575 1883 633 1914 ex
674 1868 827 1915 rebus
877 1868 1100 1916 fortuitis
1149 1883 1293 1931 quam
1342 1884 1403 1916 ex
1438 1868 1596 1932 ipsius
1631 1869 1899 1918 virtutibus

221 1940 515 1999 definiatur3
563 1938 777 2002 denique
825 1940 998 1988 eadem
1039 1938 1168 1986 ratio
1211 1939 1364 1987 ‘etiam
1403 1938 1681 1987 traducitur
1713 1939 1777 1989 ad
1813 1955 1900 1988 ex-

222 2010 512 2079 plorandam
581 2009 890 2059 Parmenidis
960 2010 1270 2074 aliorumque
1345 2009 1761 2074 philosophorum
1833 2011 1899 2059 de

223 2100 396 2133 rerum
431 2081 650 2129 essentia
688 2083 1014 2140 senteutiam,
1070 2096 1167 2145 quo
1217 2086 1383 2129 tamen
1435 2081 1549 2129 loco
1595 2082 1666 2129 ita
1703 2087 1896 2145 tempe-

222 2160 364 2204 ratur
413 2159 467 2201 et
515 2168 627 2201 cum
675 2167 735 2199 eo
773 2153 878 2200 veri
913 2151 1201 2216 exquirendi
1245 2151 1413 2200 studio
1451 2152 1619 2199 iuncta
1659 2153 1898 2210 cernitur,

218 2233 278 2275 ιιι
320 2224 524 2272 Eleates
584 2224 948 2287 propemodum
1009 2224 1085 2270 sui
1142 2222 1327 2271 oblitus
1387 2235 1503 2270 esse
1557 2220 1783 2271 videatur
1845 2228 1899 2271 et

219 2296 402 2346 invitus
450 2294 509 2342 ad
562 2294 865 2344 Socraticam
923 2293 1090 2342 delabi
1136 2293 1420 2357 disputandi
1467 2294 1898 2343 consuetudinem.

219 2367 297 2417 Ad
336 2365 463 2413 haec
501 2365 693 2413 accedit
730 2365 860 2413 alind
900 2366 1046 2429 quid,
1101 2363 1231 2428 quod
1283 2379 1548 2426 sauequam
1595 2365 1742 2415 alicui
1781 2380 1897 2428 per-

220 2440 399 2488 mirum
453 2434 658 2485 accidat.
744 2436 866 2484 Nam
917 2451 1064 2499 quum
1129 2437 1178 2483 in
1229 2435 1514 2483 Theaeteto
1566 2436 1723 2483 omnis
1783 2435 1898 2483 fere

222 2508 496 2572 disputatio
545 2523 606 2554 eo
656 2512 1002 2566 consumatur,
1057 2510 1115 2554 ιιι
1162 2506 1266 2554 veri
1313 2506 1520 2554 scientia
1571 2520 1657 2553 cur
1703 2521 1797 2553 non
1844 2506 1897 2556 in

221 2582 339 2628 visis
393 2582 445 2627 et
491 2579 804 2641 opinionibus
844 2578 1122 2641 quaerenda
1163 2577 1229 2626 sit
1264 2575 1665 2636 demonstretur,
1715 2576 1763 2623 in
1802 2575 1897 2627 So-

220 2651 388 2717 pliista
436 2651 597 2714 primo
646 2655 787 2697 certe
839 2648 1079 2713 adspectu
1131 2647 1278 2709 longe
1324 2646 1453 2694 aliud
1492 2648 1607 2710 quid
1647 2648 1724 2710 agi
1760 2647 1896 2696 vide-

222 2729 334 2782 tur,
383 2736 526 2784 quam
565 2719 688 2767 illud
724 2722 917 2784 ipsum,
968 2724 1021 2768 ut
1059 2719 1395 2771 Eleaticorum
1436 2723 1488 2767 et
1524 2717 1896 2781 Megaricorum

222 2793 286 2841 de
322 2793 544 2840 veritatis
597 2796 649 2839 et
698 2793 948 2841 essentiae
996 2791 1271 2838 rationibus
1320 2790 1579 2859 opiniones
1617 2791 1897 2838 examinen-

223 2870 322 2917 tur,
398 2864 522 2911 Nam
560 2862 851 2929 disquiritur
887 2862 1035 2913 simul
1082 2861 1430 2925 copiosissime
1478 2876 1626 2924 quum
1675 2860 1895 2909 dealiis

225 2933 514 2997 quibusdam
554 2934 733 2991 rebus,
772 2940 877 2987 tum
913 2933 975 2980 de
1014 2939 1186 2981 natura
1222 2933 1521 2995 Sopliistae:
1573 2931 1636 2980 de
1675 2946 1771 2994 quo
1811 2946 1895 2979 ar·-

225 3010 462 3068 gumento
500 3005 648 3056 sicuti
694 3006 755 3055 ab
803 3005 944 3055 initio
993 3004 1108 3052 libri
1156 3004 1427 3068 suscipitur
1475 3002 1772 3067 disputatio,
1825 3002 1895 3049 ita

226 3082 439 3123 exeunte
476 3076 673 3125 demum
709 3091 942 3126 sermone
981 3075 1094 3139 quid
1132 3076 1207 3122 rei
1254 3076 1321 3122 sit
1357 3079 1497 3122 certo
1547 3073 1896 3137 pronuntiatur

225 3161 284 3192 ac
322 3147 619 3195 decernitur.
694 3149 820 3210 Quin
874 3147 1020 3197 etiam
1072 3145 1378 3209 significatur
1428 3145 1526 3192 alio
1564 3150 1794 3211 tempore
1830 3142 1895 3190 de

228 3215 444 3265 Politico
483 3233 680 3279 quoque
717 3225 769 3266 et
804 3216 1114 3282 Philosoplio
1153 3217 1383 3267 similiter
1418 3216 1724 3279 disputatum
1761 3212 1838 3263 iri.

370 3286 499 3346 Quid
534 3288 724 3349 igitur?
770 3291 901 3338 uude
939 3288 1199 3351 repentina
1243 3287 1365 3337 haec
1419 3302 1597 3337 scenae
1644 3283 1894 3334 mutatio?

229 3356 313 3421 qui
348 3356 434 3415 fit,
483 3362 539 3403 ut
575 3359 790 3421 scriptor
833 3361 926 3407 iam
966 3359 1186 3407 Socratis
1224 3373 1438 3421 persona
1474 3371 1629 3422 paene
1664 3354 1894 3416 neglecta

227 3427 479 3492 hospitem
517 3426 730 3492 aliquem
766 3430 1046 3486 Eleaticum
1079 3428 1329 3483 induxerit
1365 3425 1728 3477 disserentem?
1767 3427 1893 3489 quae
