<?xml version="1.0" encoding="UTF-8"?>
<!DOCTYPE html PUBLIC "-//W3C//DTD XHTML 1.0 Transitional//EN"
    "http://www.w3.org/TR/xhtml1/DTD/xhtml1-transitional.dtd">
<html xmlns="http://www.w3.org/1999/xhtml" xml:lang="en" lang="en">
 <head>
  <title>
</title>
<meta http-equiv="Content-Type" content="text/html;charset=utf-8" />
  <meta name='ocr-system' content='tesseract 3.04.00' />
  <meta name='ocr-capabilities' content='ocr_page ocr_carea ocr_par ocr_line ocrx_word'/>
</head>
<body>
  <div class='ocr_page' id='page_1' title='image "./s1s2operaomniare08platuoft_0459.png"; bbox 0 0 2028 3750; ppageno 0'>
   <div class='ocr_carea' id='block_1_1' title="bbox 708 187 1133 255">
    <p class='ocr_par' dir='ltr' id='par_1_1' title="bbox 708 187 1133 255">
     <span class='ocr_line' id='line_1_1' title="bbox 708 187 1133 255; baseline -0.007 -9"><span class='ocrx_word' id='word_1_1' title='bbox 708 187 1133 255; x_wconf 60' lang='lat' dir='ltr'><strong>swalma.</strong></span> 
     </span>
    </p>
   </div>
   <div class='ocr_carea' id='block_1_2' title="bbox 3 330 1850 1321">
    <p class='ocr_par' dir='ltr' id='par_1_2' title="bbox 83 330 1755 578">
     <span class='ocr_line' id='line_1_2' title="bbox 212 330 1618 410; baseline -0.006 -19"><span class='ocrx_word' id='word_1_2' title='bbox 212 336 418 392; x_wconf 86' lang='grc' dir='ltr'><em>ΘΕΑΙ.</em></span> <span class='ocrx_word' id='word_1_3' title='bbox 500 335 636 401; x_wconf 80' lang='grc' dir='ltr'><strong>Πῶς</strong></span> <span class='ocrx_word' id='word_1_4' title='bbox 674 330 781 410; x_wconf 74' lang='grc' dir='ltr'><strong>γὰρ</strong></span> <span class='ocrx_word' id='word_1_5' title='bbox 825 331 925 403; x_wconf 72' lang='grc' dir='ltr'><strong>οὕς</strong></span> <span class='ocrx_word' id='word_1_6' title='bbox 970 382 979 388; x_wconf 94' lang='grc'><em>.</em></span> <span class='ocrx_word' id='word_1_7' title='bbox 1018 356 1023 361; x_wconf 91' lang='grc'>·</span> <span class='ocrx_word' id='word_1_8' title='bbox 1057 384 1060 388; x_wconf 85' lang='grc'><strong>,</strong></span> <span class='ocrx_word' id='word_1_9' title='bbox 1122 357 1125 360; x_wconf 53' lang='grc'><strong>“</strong></span> <span class='ocrx_word' id='word_1_10' title='bbox 1615 379 1618 382; x_wconf 82' lang='grc'>,</span> 
     </span>
     <span class='ocr_line' id='line_1_3' title="bbox 84 391 1755 491; baseline -0.005 -14"><span class='ocrx_word' id='word_1_11' title='bbox 84 481 94 485; x_wconf 56' lang='grc'><strong>,,</strong></span> <span class='ocrx_word' id='word_1_12' title='bbox 206 416 356 484; x_wconf 79' lang='grc' dir='ltr'><strong>ΞΕ.</strong></span> <span class='ocrx_word' id='word_1_13' title='bbox 410 418 548 481; x_wconf 80' lang='grc' dir='ltr'><em>Τόδε</em></span> <span class='ocrx_word' id='word_1_14' title='bbox 578 423 778 491; x_wconf 83' lang='grc' dir='ltr'><em>τοίνυν</em></span> <span class='ocrx_word' id='word_1_15' title='bbox 811 417 1328 488; x_wconf 76' lang='grc' dir='ltr'><em>ἀποκρινέσθωσαν.</em></span> <span class='ocrx_word' id='word_1_16' title='bbox 1353 408 1454 469; x_wconf 76' lang='grc' dir='ltr'><em>Ἕν</em></span> <span class='ocrx_word' id='word_1_17' title='bbox 1477 391 1588 490; x_wconf 76' lang='grc' dir='ltr'><em>ποῦ</em></span> <span class='ocrx_word' id='word_1_18' title='bbox 1610 430 1755 490; x_wconf 82' lang='grc' dir='ltr'><em>φατε</em></span> 
     </span>
     <span class='ocr_line' id='line_1_4' title="bbox 83 489 1494 590; baseline 0 -31"><span class='ocrx_word' id='word_1_19' title='bbox 83 501 259 576; x_wconf 84' lang='grc' dir='ltr'><em>μόνον</em></span> <span class='ocrx_word' id='word_1_20' title='bbox 299 498 469 572; x_wconf 56' lang='lat' dir='ltr'><strong>cium,-</strong></span> <span class='ocrx_word' id='word_1_21' title='bbox 473 489 704 578; x_wconf 80' lang='grc' dir='ltr'><em>Φαμὲν</em></span> <span class='ocrx_word' id='word_1_22' title='bbox 744 497 878 590; x_wconf 75' lang='grc' dir='ltr'><strong>γάρ,</strong></span> <span class='ocrx_word' id='word_1_23' title='bbox 918 498 1206 578; x_wconf 71' lang='grc' dir='ltr'><em>φήσουσιν.</em></span> <span class='ocrx_word' id='word_1_24' title='bbox 1244 490 1280 568; x_wconf 76' lang='grc' dir='ltr'><strong><em>ἦ</em></strong></span> <span class='ocrx_word' id='word_1_25' title='bbox 1323 496 1494 574; x_wconf 71' lang='grc' dir='ltr'><strong>γάρς</strong></span> 
     </span>
    </p>

    <p class='ocr_par' dir='ltr' id='par_1_3' title="bbox 207 576 632 643">
     <span class='ocr_line' id='line_1_5' title="bbox 207 576 632 643; baseline 0 -1"><span class='ocrx_word' id='word_1_26' title='bbox 207 576 413 642; x_wconf 85' lang='grc' dir='ltr'><em>ΘΕΑΙ.</em></span> <span class='ocrx_word' id='word_1_27' title='bbox 494 589 632 643; x_wconf 82' lang='grc' dir='ltr'><em>Ναί.</em></span> 
     </span>
    </p>

    <p class='ocr_par' dir='ltr' id='par_1_4' title="bbox 140 665 1850 908">
     <span class='ocr_line' id='line_1_6' title="bbox 140 665 1079 740; baseline -0.006 -15"><span class='ocrx_word' id='word_1_28' title='bbox 140 730 141 733; x_wconf 11' lang='lat'>¹</span> <span class='ocrx_word' id='word_1_29' title='bbox 206 666 320 738; x_wconf 82' lang='grc' dir='ltr'><strong>ΞΕ.</strong></span> <span class='ocrx_word' id='word_1_30' title='bbox 409 671 477 725; x_wconf 89' lang='grc' dir='ltr'><strong>Τί</strong></span> <span class='ocrx_word' id='word_1_31' title='bbox 510 672 599 740; x_wconf 78' lang='grc' dir='ltr'><strong>δέ,</strong></span> <span class='ocrx_word' id='word_1_32' title='bbox 642 665 709 726; x_wconf 82' lang='grc' dir='ltr'><em>ὃν</em></span> <span class='ocrx_word' id='word_1_33' title='bbox 747 669 955 728; x_wconf 80' lang='grc' dir='ltr'><em>καλεῖτέ</em></span> <span class='ocrx_word' id='word_1_34' title='bbox 993 687 1079 739; x_wconf 65' lang='grc' dir='ltr'><strong>τις</strong></span> 
     </span>
     <span class='ocr_line' id='line_1_7' title="bbox 203 727 1604 808; baseline -0.001 0.01"><span class='ocrx_word' id='word_1_35' title='bbox 203 727 421 808; x_wconf 71' lang='grc' dir='ltr'><em>ΘΕΑΙ.</em></span> <span class='ocrx_word' id='word_1_36' title='bbox 503 749 639 808; x_wconf 83' lang='grc' dir='ltr'><strong>Ναι.</strong></span> <span class='ocrx_word' id='word_1_37' title='bbox 1600 802 1604 807; x_wconf 90' lang='grc'><em>,</em></span> 
     </span>
     <span class='ocr_line' id='line_1_8' title="bbox 210 821 1850 908; baseline -0.005 -17.738"><span class='ocrx_word' id='word_1_38' title='bbox 210 831 325 897; x_wconf 91' lang='grc' dir='ltr'><strong>ΞΕ</strong></span> <span class='ocrx_word' id='word_1_39' title='bbox 405 822 663 908; x_wconf 83' lang='grc' dir='ltr'><em>Πότερον</em></span> <span class='ocrx_word' id='word_1_40' title='bbox 717 829 850 903; x_wconf 82' lang='grc' dir='ltr'><em>ὅπερ</em></span> <span class='ocrx_word' id='word_1_41' title='bbox 908 837 999 898; x_wconf 83' lang='grc' dir='ltr'><em>έν,</em></span> <span class='ocrx_word' id='word_1_42' title='bbox 1040 833 1127 888; x_wconf 77' lang='grc' dir='ltr'><strong>ἐπὶ</strong></span> <span class='ocrx_word' id='word_1_43' title='bbox 1168 831 1246 904; x_wconf 76' lang='grc' dir='ltr'><strong>τῷ</strong></span> <span class='ocrx_word' id='word_1_44' title='bbox 1288 826 1440 900; x_wconf 75' lang='grc' dir='ltr'>αὐτῷ</span> <span class='ocrx_word' id='word_1_45' title='bbox 1483 821 1760 905; x_wconf 56' lang='lat' dir='ltr'><em>apoc-2064</em></span> <span class='ocrx_word' id='word_1_46' title='bbox 1806 851 1850 903; x_wconf 69' lang='grc' dir='ltr'><strong>ο</strong></span> 
     </span>
    </p>

    <p class='ocr_par' dir='ltr' id='par_1_5' title="bbox 3 912 1335 1015">
     <span class='ocr_line' id='line_1_9' title="bbox 3 912 1335 1015; baseline -0.008 -37"><span class='ocrx_word' id='word_1_47' title='bbox 3 926 11 930; x_wconf 73' lang='grc'><em>”</em></span> <span class='ocrx_word' id='word_1_48' title='bbox 85 939 242 1010; x_wconf 79' lang='grc' dir='ltr'><em>μενοι</em></span> <span class='ocrx_word' id='word_1_49' title='bbox 275 922 435 976; x_wconf 79' lang='grc' dir='ltr'><em>δυοῖν</em></span> <span class='ocrx_word' id='word_1_50' title='bbox 467 917 776 1015; x_wconf 84' lang='grc' dir='ltr'><em>ὀνόμασιν,</em></span> <span class='ocrx_word' id='word_1_51' title='bbox 820 912 856 984; x_wconf 81' lang='grc' dir='ltr'>ἢ</span> <span class='ocrx_word' id='word_1_52' title='bbox 899 918 1069 986; x_wconf 76' lang='grc' dir='ltr'><strong><em>πῶςς</em></strong></span> <span class='ocrx_word' id='word_1_53' title='bbox 1111 980 1113 983; x_wconf 21' lang='lat'><strong><em>¹</em></strong></span> <span class='ocrx_word' id='word_1_54' title='bbox 1224 944 1226 946; x_wconf 96' lang='lat'>·</span> <span class='ocrx_word' id='word_1_55' title='bbox 1329 939 1335 969; x_wconf 75' lang='lat'>2</span> 
     </span>
    </p>

    <p class='ocr_par' dir='ltr' id='par_1_6' title="bbox 85 986 1761 1162">
     <span class='ocr_line' id='line_1_10' title="bbox 214 986 1761 1071; baseline -0.005 -12"><span class='ocrx_word' id='word_1_56' title='bbox 214 1003 421 1070; x_wconf 82' lang='grc' dir='ltr'><em>ΘΕΑΙ.</em></span> <span class='ocrx_word' id='word_1_57' title='bbox 467 1005 604 1067; x_wconf 82' lang='grc' dir='ltr'><strong>Τίς</strong></span> <span class='ocrx_word' id='word_1_58' title='bbox 657 992 761 1059; x_wconf 82' lang='grc' dir='ltr'><em>οὗν</em></span> <span class='ocrx_word' id='word_1_59' title='bbox 813 996 1006 1064; x_wconf 78' lang='grc' dir='ltr'><em>αὐτοῖς</em></span> <span class='ocrx_word' id='word_1_60' title='bbox 1060 994 1092 1066; x_wconf 79' lang='grc' dir='ltr'><strong><em>ἡ</em></strong></span> <span class='ocrx_word' id='word_1_61' title='bbox 1133 1017 1271 1071; x_wconf 80' lang='grc' dir='ltr'><em>μετα</em></span> <span class='ocrx_word' id='word_1_62' title='bbox 1313 993 1496 1063; x_wconf 82' lang='grc' dir='ltr'><em>τοῦτ’,</em></span> <span class='ocrx_word' id='word_1_63' title='bbox 1549 986 1590 1055; x_wconf 77' lang='grc' dir='ltr'><strong><em>ὦ</em></strong></span> <span class='ocrx_word' id='word_1_64' title='bbox 1632 994 1761 1065; x_wconf 80' lang='grc' dir='ltr'><em>ξένε,</em></span> 
     </span>
     <span class='ocr_line' id='line_1_11' title="bbox 85 1105 1555 1165; baseline -0.004 -22"><span class='ocrx_word' id='word_1_65' title='bbox 85 1083 414 1165; x_wconf 78' lang='grc' dir='ltr'><strong>ἀπόκρισις,·</strong></span> <span class='ocrx_word' id='word_1_66' title='bbox 1553 1135 1555 1137; x_wconf 85' lang='grc'><strong>,</strong></span> 
     </span>
    </p>

    <p class='ocr_par' dir='ltr' id='par_1_7' title="bbox 86 1142 1765 1321">
     <span class='ocr_line' id='line_1_12' title="bbox 209 1142 1763 1234; baseline -0.005 -10"><span class='ocrx_word' id='word_1_67' title='bbox 209 1165 322 1229; x_wconf 88' lang='grc' dir='ltr'><strong>ΞΕ.</strong></span> <span class='ocrx_word' id='word_1_68' title='bbox 403 1146 622 1234; x_wconf 77' lang='grc' dir='ltr'><em>Δῆλον,</em></span> <span class='ocrx_word' id='word_1_69' title='bbox 689 1188 730 1220; x_wconf 89' lang='grc' dir='ltr'><em>ω</em></span> <span class='ocrx_word' id='word_1_70' title='bbox 791 1142 1080 1234; x_wconf 79' lang='grc' dir='ltr'><em>Θεαίτητε,</em></span> <span class='ocrx_word' id='word_1_71' title='bbox 1132 1158 1220 1219; x_wconf 83' lang='grc' dir='ltr'><strong>ὅτι</strong></span> <span class='ocrx_word' id='word_1_72' title='bbox 1260 1164 1337 1232; x_wconf 78' lang='grc' dir='ltr'><strong>τῷ</strong></span> <span class='ocrx_word' id='word_1_73' title='bbox 1397 1156 1604 1229; x_wconf 81' lang='grc' dir='ltr'><em>ταύτην</em></span> <span class='ocrx_word' id='word_1_74' title='bbox 1657 1156 1763 1229; x_wconf 85' lang='grc' dir='ltr'><em>τὴν</em></span> 
     </span>
     <span class='ocr_line' id='line_1_13' title="bbox 86 1240 1765 1321; baseline -0.005 -13"><span class='ocrx_word' id='word_1_75' title='bbox 86 1250 366 1308; x_wconf 76' lang='grc' dir='ltr'><em>ὑπόθεσιν</em></span> <span class='ocrx_word' id='word_1_76' title='bbox 403 1248 734 1321; x_wconf 76' lang='grc' dir='ltr'><em>ὑποθεμένῳ</em></span> <span class='ocrx_word' id='word_1_77' title='bbox 777 1243 916 1320; x_wconf 84' lang='grc' dir='ltr'><strong><em>πρὸς</em></strong></span> <span class='ocrx_word' id='word_1_78' title='bbox 938 1243 1001 1302; x_wconf 85' lang='grc' dir='ltr'><strong>τὸ</strong></span> <span class='ocrx_word' id='word_1_79' title='bbox 1027 1248 1129 1302; x_wconf 85' lang='grc' dir='ltr'><strong>νῦν</strong></span> <span class='ocrx_word' id='word_1_80' title='bbox 1169 1248 1451 1319; x_wconf 77' lang='grc' dir='ltr'><em>ἐρωτηθὲν</em></span> <span class='ocrx_word' id='word_1_81' title='bbox 1492 1247 1585 1310; x_wconf 79' lang='grc' dir='ltr'><strong>καὶ</strong></span> <span class='ocrx_word' id='word_1_82' title='bbox 1623 1240 1765 1321; x_wconf 76' lang='grc' dir='ltr'><strong><em>πρὸς</em></strong></span> 
     </span>
    </p>
   </div>
   <div class='ocr_carea' id='block_1_3' title="bbox 1652 184 1754 252">
    <p class='ocr_par' dir='ltr' id='par_1_8' title="bbox 1652 184 1754 252">
     <span class='ocr_line' id='line_1_14' title="bbox 1652 184 1754 252; baseline -0.029 0"><span class='ocrx_word' id='word_1_83' title='bbox 1652 184 1754 252; x_wconf 71' lang='lat'><strong>153</strong></span> 
     </span>
    </p>
   </div>
   <div class='ocr_carea' id='block_1_4' title="bbox 40 1327 1656 1442">
    <p class='ocr_par' dir='ltr' id='par_1_9' title="bbox 40 1327 1656 1442">
     <span class='ocr_line' id='line_1_15' title="bbox 40 1327 1656 1442; baseline -0.003 -54"><span class='ocrx_word' id='word_1_84' title='bbox 40 1383 45 1388; x_wconf 83' lang='grc'><em>,</em></span> <span class='ocrx_word' id='word_1_85' title='bbox 87 1333 224 1442; x_wconf 70' lang='grc' dir='ltr'><em>ᾴλλο</em></span> <span class='ocrx_word' id='word_1_86' title='bbox 265 1337 322 1391; x_wconf 77' lang='grc' dir='ltr'><strong>δὲ</strong></span> <span class='ocrx_word' id='word_1_87' title='bbox 366 1331 554 1390; x_wconf 81' lang='grc' dir='ltr'><em>ὁτιοῦν</em></span> <span class='ocrx_word' id='word_1_88' title='bbox 598 1331 662 1388; x_wconf 84' lang='grc' dir='ltr'><strong>οὐ</strong></span> <span class='ocrx_word' id='word_1_89' title='bbox 705 1329 930 1420; x_wconf 82' lang='grc' dir='ltr'><em>πάντων</em></span> <span class='ocrx_word' id='word_1_90' title='bbox 973 1327 1182 1406; x_wconf 79' lang='grc' dir='ltr'><em>ῥᾶστον</em></span> <span class='ocrx_word' id='word_1_91' title='bbox 1215 1328 1656 1405; x_wconf 74' lang='grc' dir='ltr'><em>ἀποκρίνασθαι.</em></span> 
     </span>
    </p>
   </div>
   <div class='ocr_carea' id='block_1_5' title="bbox 163 1419 704 1484">
    <p class='ocr_par' dir='ltr' id='par_1_10' title="bbox 163 1419 704 1484">
     <span class='ocr_line' id='line_1_16' title="bbox 163 1419 704 1484; baseline -0.004 -10.754"><span class='ocrx_word' id='word_1_92' title='bbox 163 1420 469 1476; x_wconf 84' lang='grc' dir='ltr'><em>ΘΕΑΙ.</em></span> <span class='ocrx_word' id='word_1_93' title='bbox 482 1419 677 1480; x_wconf 75' lang='grc' dir='ltr'><em>Πῶς·</em></span> <span class='ocrx_word' id='word_1_94' title='bbox 659 1458 704 1484; x_wconf 87' lang='grc'><strong>,</strong></span> 
     </span>
    </p>
   </div>
   <div class='ocr_carea' id='block_1_6' title="bbox 89 1490 1771 1659">
    <p class='ocr_par' dir='ltr' id='par_1_11' title="bbox 89 1490 1771 1659">
     <span class='ocr_line' id='line_1_17' title="bbox 207 1490 1771 1568; baseline -0.003 -11"><span class='ocrx_word' id='word_1_95' title='bbox 207 1497 320 1562; x_wconf 88' lang='grc' dir='ltr'><strong>ΞΕ</strong></span> <span class='ocrx_word' id='word_1_96' title='bbox 410 1497 487 1556; x_wconf 92' lang='grc' dir='ltr'><strong>Τό</strong></span> <span class='ocrx_word' id='word_1_97' title='bbox 545 1521 601 1555; x_wconf 79' lang='grc' dir='ltr'><strong>τε</strong></span> <span class='ocrx_word' id='word_1_98' title='bbox 649 1494 748 1554; x_wconf 84' lang='grc' dir='ltr'><strong>δύο</strong></span> <span class='ocrx_word' id='word_1_99' title='bbox 793 1492 1046 1567; x_wconf 67' lang='grc' dir='ltr'><em>ὀνόματά</em></span> <span class='ocrx_word' id='word_1_100' title='bbox 1089 1492 1376 1568; x_wconf 76' lang='grc' dir='ltr'><em>ὁμολογεῖν</em></span> <span class='ocrx_word' id='word_1_101' title='bbox 1414 1490 1553 1551; x_wconf 80' lang='grc' dir='ltr'><em>εἶναι</em></span> <span class='ocrx_word' id='word_1_102' title='bbox 1594 1494 1771 1567; x_wconf 82' lang='grc' dir='ltr'><em>μηδὲν</em></span> 
     </span>
     <span class='ocr_line' id='line_1_18' title="bbox 89 1577 1373 1659; baseline -0.007 -16"><span class='ocrx_word' id='word_1_103' title='bbox 89 1589 331 1659; x_wconf 76' lang='grc' dir='ltr'><em>θέμενον</em></span> <span class='ocrx_word' id='word_1_104' title='bbox 370 1579 513 1651; x_wconf 77' lang='grc' dir='ltr'><em>πλὴν</em></span> <span class='ocrx_word' id='word_1_105' title='bbox 561 1586 618 1638; x_wconf 76' lang='grc' dir='ltr'><em>ἓν</em></span> <span class='ocrx_word' id='word_1_106' title='bbox 660 1577 1065 1652; x_wconf 72' lang='grc' dir='ltr'><em>καταγέλαστόν</em></span> <span class='ocrx_word' id='word_1_107' title='bbox 1107 1599 1238 1639; x_wconf 85' lang='grc' dir='ltr'><strong>που.</strong></span> <span class='ocrx_word' id='word_1_108' title='bbox 1369 1590 1373 1599; x_wconf 93' lang='grc'><strong>“</strong></span> 
     </span>
    </p>
   </div>
   <div class='ocr_carea' id='block_1_7' title="bbox 91 1795 1762 1870">
    <p class='ocr_par' dir='ltr' id='par_1_12' title="bbox 91 1795 1762 1870">
     <span class='ocr_line' id='line_1_19' title="bbox 91 1795 1762 1870; baseline -0.004 -23"><span class='ocrx_word' id='word_1_109' title='bbox 91 1806 222 1847; x_wconf 84' lang='lat' dir='ltr'><strong>Coisl.</strong></span> <span class='ocrx_word' id='word_1_110' title='bbox 254 1804 371 1849; x_wconf 83' lang='lat' dir='ltr'><strong>Par..</strong></span> <span class='ocrx_word' id='word_1_111' title='bbox 384 1800 589 1866; x_wconf 89' lang='lat' dir='ltr'><strong>BCEH.</strong></span> <span class='ocrx_word' id='word_1_112' title='bbox 619 1799 735 1842; x_wconf 84' lang='lat' dir='ltr'><strong>Flor.</strong></span> <span class='ocrx_word' id='word_1_113' title='bbox 765 1800 807 1842; x_wconf 92' lang='lat' dir='ltr'><strong>b.</strong></span> <span class='ocrx_word' id='word_1_114' title='bbox 837 1801 864 1843; x_wconf 82' lang='lat' dir='ltr'>i</span> <span class='ocrx_word' id='word_1_115' title='bbox 901 1800 1018 1842; x_wconf 86' lang='lat' dir='ltr'><strong>Zitt.</strong></span> <span class='ocrx_word' id='word_1_116' title='bbox 1037 1803 1082 1841; x_wconf 85' lang='lat' dir='ltr'><strong>et</strong></span> <span class='ocrx_word' id='word_1_117' title='bbox 1117 1796 1356 1859; x_wconf 76' lang='lat' dir='ltr'><strong>Simplicius</strong></span> <span class='ocrx_word' id='word_1_118' title='bbox 1386 1795 1430 1839; x_wconf 88' lang='lat' dir='ltr'><strong>in</strong></span> <span class='ocrx_word' id='word_1_119' title='bbox 1470 1795 1600 1870; x_wconf 80' lang='lat' dir='ltr'><strong>Phys.</strong></span> <span class='ocrx_word' id='word_1_120' title='bbox 1627 1796 1762 1840; x_wconf 75' lang='lat' dir='ltr'><strong>Arist.</strong></span> 
     </span>
    </p>
   </div>
   <div class='ocr_carea' id='block_1_8' title="bbox 90 1862 228 1905">
    <p class='ocr_par' dir='ltr' id='par_1_13' title="bbox 90 1862 228 1905">
     <span class='ocr_line' id='line_1_20' title="bbox 90 1862 228 1905; baseline -0.008 0"><span class='ocrx_word' id='word_1_121' title='bbox 90 1862 124 1905; x_wconf 86' lang='grc' dir='ltr'><strong>Ι.</strong></span> <span class='ocrx_word' id='word_1_122' title='bbox 155 1863 228 1904; x_wconf 85' lang='lat' dir='ltr'><strong>so1.</strong></span> 
     </span>
    </p>
   </div>
   <div class='ocr_carea' id='block_1_9' title="bbox 273 1847 1766 1904">
    <p class='ocr_par' dir='ltr' id='par_1_14' title="bbox 273 1847 1766 1904">
     <span class='ocr_line' id='line_1_21' title="bbox 273 1847 1766 1904; baseline -0.003 -2"><span class='ocrx_word' id='word_1_123' title='bbox 273 1847 656 1902; x_wconf 75' lang='lat' dir='ltr'><strong>19.b.Vit1⁴ose</strong></span> <span class='ocrx_word' id='word_1_124' title='bbox 693 1861 796 1899; x_wconf 85' lang='lat' dir='ltr'><strong>vett.</strong></span> <span class='ocrx_word' id='word_1_125' title='bbox 845 1856 964 1899; x_wconf 86' lang='lat' dir='ltr'><strong>editt.</strong></span> <span class='ocrx_word' id='word_1_126' title='bbox 995 1861 1085 1904; x_wconf 80' lang='grc' dir='ltr'><em>τοῖς</em></span> <span class='ocrx_word' id='word_1_127' title='bbox 1113 1860 1204 1897; x_wconf 71' lang='grc' dir='ltr'><strong>οῦν.</strong></span> <span class='ocrx_word' id='word_1_128' title='bbox 1263 1854 1457 1897; x_wconf 87' lang='lat' dir='ltr'><strong>Indidem</strong></span> <span class='ocrx_word' id='word_1_129' title='bbox 1489 1873 1520 1897; x_wconf 89' lang='grc' dir='ltr'>ω</span> <span class='ocrx_word' id='word_1_130' title='bbox 1552 1859 1650 1897; x_wconf 83' lang='lat' dir='ltr'><strong>ante</strong></span> <span class='ocrx_word' id='word_1_131' title='bbox 1677 1855 1766 1902; x_wconf 78' lang='grc' dir='ltr'><em>ξένε</em></span> 
     </span>
    </p>
   </div>
   <div class='ocr_carea' id='block_1_10' title="bbox 90 1911 1764 2082">
    <p class='ocr_par' dir='ltr' id='par_1_15' title="bbox 90 1911 1751 2082">
     <span class='ocr_line' id='line_1_22' title="bbox 90 1911 1264 1969; baseline -0.009 -6"><span class='ocrx_word' id='word_1_132' title='bbox 90 1920 292 1963; x_wconf 82' lang='lat' dir='ltr'><strong>insertum</strong></span> <span class='ocrx_word' id='word_1_133' title='bbox 323 1922 366 1959; x_wconf 87' lang='lat' dir='ltr'><strong>et</strong></span> <span class='ocrx_word' id='word_1_134' title='bbox 394 1928 495 1965; x_wconf 84' lang='lat' dir='ltr'><strong>mox</strong></span> <span class='ocrx_word' id='word_1_135' title='bbox 522 1913 691 1958; x_wconf 74' lang='grc' dir='ltr'><em>πάντων</em></span> <span class='ocrx_word' id='word_1_136' title='bbox 716 1927 795 1969; x_wconf 89' lang='lat' dir='ltr'><strong>pro</strong></span> <span class='ocrx_word' id='word_1_137' title='bbox 825 1911 990 1961; x_wconf 72' lang='grc' dir='ltr'><em>πάντως</em></span> <span class='ocrx_word' id='word_1_138' title='bbox 1018 1913 1264 1967; x_wconf 82' lang='lat' dir='ltr'><strong>repositum.</strong></span> 
     </span>
     <span class='ocr_line' id='line_1_23' title="bbox 206 1967 1764 2026; baseline -0.004 -10"><span class='ocrx_word' id='word_1_139' title='bbox 206 1975 278 2016; x_wconf 79' lang='grc' dir='ltr'><strong>Τό</strong></span> <span class='ocrx_word' id='word_1_140' title='bbox 318 1988 371 2014; x_wconf 85' lang='grc' dir='ltr'><strong>τε</strong></span> <span class='ocrx_word' id='word_1_141' title='bbox 412 1971 502 2016; x_wconf 75' lang='grc' dir='ltr'><strong>δύο</strong></span> <span class='ocrx_word' id='word_1_142' title='bbox 545 1970 641 2013; x_wconf 80' lang='grc' dir='ltr'><em>ὄνό</em></span> <span class='ocrx_word' id='word_1_143' title='bbox 655 1974 830 2026; x_wconf 83' lang='grc' dir='ltr'><em>ματα]</em></span> <span class='ocrx_word' id='word_1_144' title='bbox 875 1971 926 2013; x_wconf 88' lang='lat' dir='ltr'><strong>V.</strong></span> <span class='ocrx_word' id='word_1_145' title='bbox 968 1970 1033 2021; x_wconf 81' lang='grc' dir='ltr'><strong>δέ,</strong></span> <span class='ocrx_word' id='word_1_146' title='bbox 1076 1969 1189 2023; x_wconf 88' lang='lat' dir='ltr'><strong>quod</strong></span> <span class='ocrx_word' id='word_1_147' title='bbox 1217 1973 1426 2011; x_wconf 86' lang='lat' dir='ltr'><strong>mutatum</strong></span> <span class='ocrx_word' id='word_1_148' title='bbox 1456 1981 1481 2012; x_wconf 83' lang='lat' dir='ltr'><strong>e</strong></span> <span class='ocrx_word' id='word_1_149' title='bbox 1509 1967 1634 2011; x_wconf 80' lang='lat' dir='ltr'><strong>Bodl.</strong></span> <span class='ocrx_word' id='word_1_150' title='bbox 1665 1968 1764 2011; x_wconf 84' lang='lat' dir='ltr'><strong>Vat.</strong></span> 
     </span>
     <span class='ocr_line' id='line_1_24' title="bbox 90 2025 1735 2082; baseline -0.006 -5"><span class='ocrx_word' id='word_1_151' title='bbox 90 2033 196 2079; x_wconf 85' lang='lat' dir='ltr'><strong>Ven.</strong></span> <span class='ocrx_word' id='word_1_152' title='bbox 225 2031 286 2076; x_wconf 90' lang='grc' dir='ltr'><strong>Π.</strong></span> <span class='ocrx_word' id='word_1_153' title='bbox 316 2030 432 2074; x_wconf 84' lang='lat' dir='ltr'><strong>Flor.</strong></span> <span class='ocrx_word' id='word_1_154' title='bbox 463 2030 489 2072; x_wconf 89' lang='lat' dir='ltr'><strong>i.</strong></span> <span class='ocrx_word' id='word_1_155' title='bbox 523 2035 568 2073; x_wconf 85' lang='lat' dir='ltr'><strong>et</strong></span> <span class='ocrx_word' id='word_1_156' title='bbox 596 2043 684 2073; x_wconf 85' lang='lat' dir='ltr'><strong>sec.</strong></span> <span class='ocrx_word' id='word_1_157' title='bbox 721 2042 776 2072; x_wconf 89' lang='lat' dir='ltr'><strong>m.</strong></span> <span class='ocrx_word' id='word_1_158' title='bbox 806 2027 912 2073; x_wconf 84' lang='lat' dir='ltr'><strong>Ven.</strong></span> <span class='ocrx_word' id='word_1_159' title='bbox 941 2028 999 2071; x_wconf 87' lang='grc' dir='ltr'><strong>Λ.</strong></span> <span class='ocrx_word' id='word_1_160' title='bbox 1028 2027 1129 2070; x_wconf 82' lang='lat' dir='ltr'><strong>Par.</strong></span> <span class='ocrx_word' id='word_1_161' title='bbox 1158 2025 1259 2069; x_wconf 88' lang='lat' dir='ltr'><strong>EF.</strong></span> <span class='ocrx_word' id='word_1_162' title='bbox 1289 2026 1476 2081; x_wconf 80' lang='lat' dir='ltr'><strong>itemque</strong></span> <span class='ocrx_word' id='word_1_163' title='bbox 1505 2026 1735 2082; x_wconf 82' lang='lat' dir='ltr'><strong>Simplicio.</strong></span> 
     </span>
    </p>
   </div>
   <div class='ocr_carea' id='block_1_11' title="bbox 86 2196 887 3439">
    <p class='ocr_par' dir='ltr' id='par_1_16' title="bbox 86 2196 887 3438">
     <span class='ocr_line' id='line_1_25' title="bbox 86 2196 883 2250; baseline -0.008 -6"><span class='ocrx_word' id='word_1_164' title='bbox 86 2201 197 2245; x_wconf 83' lang='lat' dir='ltr'><strong>hunc</strong></span> <span class='ocrx_word' id='word_1_165' title='bbox 226 2199 316 2244; x_wconf 62' lang='lat' dir='ltr'><strong>fere</strong></span> <span class='ocrx_word' id='word_1_166' title='bbox 344 2199 386 2242; x_wconf 82' lang='lat' dir='ltr'><strong>in</strong></span> <span class='ocrx_word' id='word_1_167' title='bbox 413 2197 602 2243; x_wconf 87' lang='lat' dir='ltr'><strong>modum.</strong></span> <span class='ocrx_word' id='word_1_168' title='bbox 660 2196 709 2240; x_wconf 87' lang='lat' dir='ltr'><strong>Si</strong></span> <span class='ocrx_word' id='word_1_169' title='bbox 735 2208 883 2250; x_wconf 88' lang='lat' dir='ltr'><strong>unum,</strong></span> 
     </span>
     <span class='ocr_line' id='line_1_26' title="bbox 91 2255 884 2311; baseline -0.009 -9"><span class='ocrx_word' id='word_1_170' title='bbox 91 2259 251 2311; x_wconf 87' lang='lat' dir='ltr'><strong>inquit,</strong></span> <span class='ocrx_word' id='word_1_171' title='bbox 289 2259 341 2303; x_wconf 83' lang='lat' dir='ltr'><strong>ab</strong></span> <span class='ocrx_word' id='word_1_172' title='bbox 385 2263 483 2299; x_wconf 84' lang='lat' dir='ltr'><strong>ente</strong></span> <span class='ocrx_word' id='word_1_173' title='bbox 526 2269 610 2297; x_wconf 89' lang='lat' dir='ltr'><strong>non</strong></span> <span class='ocrx_word' id='word_1_174' title='bbox 647 2260 714 2298; x_wconf 87' lang='lat' dir='ltr'><strong>est</strong></span> <span class='ocrx_word' id='word_1_175' title='bbox 741 2255 884 2296; x_wconf 85' lang='lat' dir='ltr'><strong>diver-</strong></span> 
     </span>
     <span class='ocr_line' id='line_1_27' title="bbox 91 2313 884 2368; baseline -0.005 -11"><span class='ocrx_word' id='word_1_176' title='bbox 91 2323 207 2368; x_wconf 80' lang='lat' dir='ltr'><strong>sum,</strong></span> <span class='ocrx_word' id='word_1_177' title='bbox 253 2316 434 2368; x_wconf 80' lang='lat' dir='ltr'><strong>primum</strong></span> <span class='ocrx_word' id='word_1_178' title='bbox 470 2313 644 2366; x_wconf 82' lang='lat' dir='ltr'><strong>quidem</strong></span> <span class='ocrx_word' id='word_1_179' title='bbox 681 2323 884 2366; x_wconf 82' lang='lat' dir='ltr'><strong>perquam</strong></span> 
     </span>
     <span class='ocr_line' id='line_1_28' title="bbox 92 2370 885 2421; baseline -0.009 -6"><span class='ocrx_word' id='word_1_180' title='bbox 92 2373 172 2415; x_wconf 88' lang='lat' dir='ltr'><strong>erit</strong></span> <span class='ocrx_word' id='word_1_181' title='bbox 198 2371 416 2413; x_wconf 80' lang='lat' dir='ltr'><strong>ridiculum</strong></span> <span class='ocrx_word' id='word_1_182' title='bbox 448 2371 652 2421; x_wconf 79' lang='lat' dir='ltr'><strong>confiteri,</strong></span> <span class='ocrx_word' id='word_1_183' title='bbox 684 2370 768 2409; x_wconf 89' lang='lat' dir='ltr'><strong>duo</strong></span> <span class='ocrx_word' id='word_1_184' title='bbox 787 2381 885 2410; x_wconf 83' lang='lat' dir='ltr'><strong>esse</strong></span> 
     </span>
     <span class='ocr_line' id='line_1_29' title="bbox 91 2424 884 2482; baseline -0.005 -12"><span class='ocrx_word' id='word_1_185' title='bbox 91 2429 284 2481; x_wconf 77' lang='lat' dir='ltr'><strong>nomina,</strong></span> <span class='ocrx_word' id='word_1_186' title='bbox 327 2441 463 2482; x_wconf 89' lang='lat' dir='ltr'><strong>quum</strong></span> <span class='ocrx_word' id='word_1_187' title='bbox 497 2432 639 2468; x_wconf 85' lang='lat' dir='ltr'><strong>tamen</strong></span> <span class='ocrx_word' id='word_1_188' title='bbox 681 2425 775 2466; x_wconf 83' lang='lat' dir='ltr'><strong>nihil</strong></span> <span class='ocrx_word' id='word_1_189' title='bbox 806 2424 884 2466; x_wconf 84' lang='lat' dir='ltr'>nisi</span> 
     </span>
     <span class='ocr_line' id='line_1_30' title="bbox 92 2478 885 2534; baseline -0.005 -8"><span class='ocrx_word' id='word_1_190' title='bbox 92 2497 221 2526; x_wconf 90' lang='lat' dir='ltr'><strong>unum</strong></span> <span class='ocrx_word' id='word_1_191' title='bbox 278 2489 510 2534; x_wconf 82' lang='lat' dir='ltr'><strong>statuatur3</strong></span> <span class='ocrx_word' id='word_1_192' title='bbox 577 2478 728 2524; x_wconf 84' lang='lat' dir='ltr'><strong>deinde</strong></span> <span class='ocrx_word' id='word_1_193' title='bbox 783 2479 885 2523; x_wconf 84' lang='lat' dir='ltr'><strong>illud</strong></span> 
     </span>
     <span class='ocr_line' id='line_1_31' title="bbox 91 2537 884 2595; baseline -0.006 -12"><span class='ocrx_word' id='word_1_194' title='bbox 91 2553 258 2595; x_wconf 86' lang='lat' dir='ltr'><strong>quoque</strong></span> <span class='ocrx_word' id='word_1_195' title='bbox 288 2542 440 2582; x_wconf 85' lang='lat' dir='ltr'><strong>mirum</strong></span> <span class='ocrx_word' id='word_1_196' title='bbox 464 2540 642 2590; x_wconf 80' lang='lat' dir='ltr'><strong>accidet,</strong></span> <span class='ocrx_word' id='word_1_197' title='bbox 675 2538 789 2591; x_wconf 90' lang='lat' dir='ltr'><strong>quod</strong></span> <span class='ocrx_word' id='word_1_198' title='bbox 820 2537 884 2578; x_wconf 84' lang='lat' dir='ltr'><strong>di-</strong></span> 
     </span>
     <span class='ocr_line' id='line_1_32' title="bbox 93 2594 885 2640; baseline -0.008 0"><span class='ocrx_word' id='word_1_199' title='bbox 93 2599 274 2640; x_wconf 85' lang='lat' dir='ltr'><strong>cendum</strong></span> <span class='ocrx_word' id='word_1_200' title='bbox 321 2598 399 2638; x_wconf 87' lang='lat' dir='ltr'><strong>erit</strong></span> <span class='ocrx_word' id='word_1_201' title='bbox 453 2609 548 2638; x_wconf 83' lang='lat' dir='ltr'><strong>esse</strong></span> <span class='ocrx_word' id='word_1_202' title='bbox 595 2609 750 2637; x_wconf 84' lang='lat' dir='ltr'><strong>nomen</strong></span> <span class='ocrx_word' id='word_1_203' title='bbox 809 2594 885 2635; x_wconf 80' lang='lat' dir='ltr'><strong>ali-</strong></span> 
     </span>
     <span class='ocr_line' id='line_1_33' title="bbox 91 2650 884 2708; baseline -0.004 -14"><span class='ocrx_word' id='word_1_204' title='bbox 91 2654 221 2708; x_wconf 76' lang='lat' dir='ltr'><strong>quod,</strong></span> <span class='ocrx_word' id='word_1_205' title='bbox 254 2653 370 2694; x_wconf 81' lang='lat' dir='ltr'><strong>cuius</strong></span> <span class='ocrx_word' id='word_1_206' title='bbox 393 2653 504 2693; x_wconf 83' lang='lat' dir='ltr'><strong>nulla</strong></span> <span class='ocrx_word' id='word_1_207' title='bbox 519 2651 572 2692; x_wconf 78' lang='lat' dir='ltr'><strong>sit</strong></span> <span class='ocrx_word' id='word_1_208' title='bbox 591 2653 711 2692; x_wconf 80' lang='lat' dir='ltr'><strong>ratio.</strong></span> <span class='ocrx_word' id='word_1_209' title='bbox 773 2650 884 2693; x_wconf 85' lang='lat' dir='ltr'><strong>Nam</strong></span> 
     </span>
     <span class='ocr_line' id='line_1_34' title="bbox 93 2709 884 2763; baseline -0.005 -12"><span class='ocrx_word' id='word_1_210' title='bbox 93 2712 184 2752; x_wconf 80' lang='lat' dir='ltr'><strong>sive</strong></span> <span class='ocrx_word' id='word_1_211' title='bbox 225 2709 395 2763; x_wconf 86' lang='lat' dir='ltr'><strong>ponitur</strong></span> <span class='ocrx_word' id='word_1_212' title='bbox 435 2721 589 2749; x_wconf 87' lang='lat' dir='ltr'><strong>nomeu</strong></span> <span class='ocrx_word' id='word_1_213' title='bbox 632 2721 727 2749; x_wconf 86' lang='lat' dir='ltr'><strong>esse</strong></span> <span class='ocrx_word' id='word_1_214' title='bbox 769 2720 794 2747; x_wconf 86' lang='lat' dir='ltr'><strong>a</strong></span> <span class='ocrx_word' id='word_1_215' title='bbox 836 2718 884 2748; x_wconf 87' lang='lat' dir='ltr'><strong>re</strong></span> 
     </span>
     <span class='ocr_line' id='line_1_35' title="bbox 93 2761 886 2816; baseline -0.008 -8"><span class='ocrx_word' id='word_1_216' title='bbox 93 2767 330 2816; x_wconf 77' lang='lat' dir='ltr'><strong>diversum,</strong></span> <span class='ocrx_word' id='word_1_217' title='bbox 378 2770 494 2806; x_wconf 81' lang='lat' dir='ltr'><strong>certe</strong></span> <span class='ocrx_word' id='word_1_218' title='bbox 543 2763 627 2804; x_wconf 91' lang='lat' dir='ltr'><strong>duo</strong></span> <span class='ocrx_word' id='word_1_219' title='bbox 678 2761 886 2815; x_wconf 81' lang='lat' dir='ltr'><strong>quaedam</strong></span> 
     </span>
     <span class='ocr_line' id='line_1_36' title="bbox 93 2816 886 2878; baseline -0.008 -14"><span class='ocrx_word' id='word_1_220' title='bbox 93 2827 331 2878; x_wconf 83' lang='lat' dir='ltr'><strong>ponuntur:</strong></span> <span class='ocrx_word' id='word_1_221' title='bbox 374 2821 465 2861; x_wconf 81' lang='lat' dir='ltr'><strong>sive</strong></span> <span class='ocrx_word' id='word_1_222' title='bbox 496 2820 597 2861; x_wconf 82' lang='lat' dir='ltr'><strong>illud</strong></span> <span class='ocrx_word' id='word_1_223' title='bbox 627 2819 741 2859; x_wconf 84' lang='lat' dir='ltr'><strong>idem</strong></span> <span class='ocrx_word' id='word_1_224' title='bbox 771 2816 886 2871; x_wconf 89' lang='lat' dir='ltr'><strong>quod</strong></span> 
     </span>
     <span class='ocr_line' id='line_1_37' title="bbox 92 2875 886 2927; baseline -0.008 -7"><span class='ocrx_word' id='word_1_225' title='bbox 92 2893 163 2921; x_wconf 86' lang='lat' dir='ltr'><strong>res</strong></span> <span class='ocrx_word' id='word_1_226' title='bbox 201 2879 254 2919; x_wconf 85' lang='lat' dir='ltr'><strong>sit</strong></span> <span class='ocrx_word' id='word_1_227' title='bbox 292 2877 581 2927; x_wconf 81' lang='lat' dir='ltr'><strong>existimatur,</strong></span> <span class='ocrx_word' id='word_1_228' title='bbox 622 2880 694 2916; x_wconf 85' lang='lat' dir='ltr'><strong>aut</strong></span> <span class='ocrx_word' id='word_1_229' title='bbox 734 2875 886 2915; x_wconf 77' lang='lat' dir='ltr'><strong>numus</strong></span> 
     </span>
     <span class='ocr_line' id='line_1_38' title="bbox 94 2931 886 2983; baseline -0.009 -7"><span class='ocrx_word' id='word_1_230' title='bbox 94 2936 156 2977; x_wconf 83' lang='lat' dir='ltr'><strong>rei</strong></span> <span class='ocrx_word' id='word_1_231' title='bbox 183 2947 337 2976; x_wconf 88' lang='lat' dir='ltr'><strong>nomen</strong></span> <span class='ocrx_word' id='word_1_232' title='bbox 367 2934 589 2983; x_wconf 79' lang='lat' dir='ltr'><strong>afferetur,</strong></span> <span class='ocrx_word' id='word_1_233' title='bbox 629 2935 701 2972; x_wconf 81' lang='lat' dir='ltr'><strong>aut</strong></span> <span class='ocrx_word' id='word_1_234' title='bbox 742 2931 777 2971; x_wconf 86' lang='lat' dir='ltr'><strong>si</strong></span> <span class='ocrx_word' id='word_1_235' title='bbox 811 2942 886 2970; x_wconf 90' lang='lat' dir='ltr'><strong>cu-</strong></span> 
     </span>
     <span class='ocr_line' id='line_1_39' title="bbox 93 2986 884 3038; baseline -0.009 -5"><span class='ocrx_word' id='word_1_236' title='bbox 93 2991 157 3034; x_wconf 82' lang='lat' dir='ltr'><strong>ius</strong></span> <span class='ocrx_word' id='word_1_237' title='bbox 205 2992 266 3033; x_wconf 87' lang='lat' dir='ltr'><strong>rei</strong></span> <span class='ocrx_word' id='word_1_238' title='bbox 315 3002 469 3031; x_wconf 87' lang='lat' dir='ltr'><strong>nomen</strong></span> <span class='ocrx_word' id='word_1_239' title='bbox 518 2989 691 3030; x_wconf 84' lang='lat' dir='ltr'><strong>allatum</strong></span> <span class='ocrx_word' id='word_1_240' title='bbox 741 2986 884 3038; x_wconf 82' lang='lat' dir='ltr'><strong>suerit,</strong></span> 
     </span>
     <span class='ocr_line' id='line_1_40' title="bbox 93 3046 886 3097; baseline -0.009 -7"><span class='ocrx_word' id='word_1_241' title='bbox 93 3053 211 3090; x_wconf 84' lang='lat' dir='ltr'><strong>certe</strong></span> <span class='ocrx_word' id='word_1_242' title='bbox 250 3046 477 3097; x_wconf 82' lang='lat' dir='ltr'><strong>efficietur,</strong></span> <span class='ocrx_word' id='word_1_243' title='bbox 529 3049 577 3086; x_wconf 90' lang='lat' dir='ltr'><strong>ut</strong></span> <span class='ocrx_word' id='word_1_244' title='bbox 614 3054 768 3085; x_wconf 87' lang='lat' dir='ltr'><strong>nomen</strong></span> <span class='ocrx_word' id='word_1_245' title='bbox 805 3055 886 3083; x_wconf 91' lang='lat' dir='ltr'><strong>no-</strong></span> 
     </span>
     <span class='ocr_line' id='line_1_41' title="bbox 93 3098 885 3150; baseline -0.009 -4"><span class='ocrx_word' id='word_1_246' title='bbox 93 3106 214 3146; x_wconf 78' lang='lat' dir='ltr'><strong>minis</strong></span> <span class='ocrx_word' id='word_1_247' title='bbox 264 3101 557 3145; x_wconf 85' lang='lat' dir='ltr'><strong>tantummodo</strong></span> <span class='ocrx_word' id='word_1_248' title='bbox 613 3112 768 3142; x_wconf 88' lang='lat' dir='ltr'><strong>nomen</strong></span> <span class='ocrx_word' id='word_1_249' title='bbox 817 3098 885 3150; x_wconf 83' lang='lat' dir='ltr'>sit,</span> 
     </span>
     <span class='ocr_line' id='line_1_42' title="bbox 93 3159 887 3209; baseline -0.01 -6"><span class='ocrx_word' id='word_1_250' title='bbox 93 3162 245 3203; x_wconf 77' lang='lat' dir='ltr'><strong>nullius</strong></span> <span class='ocrx_word' id='word_1_251' title='bbox 291 3161 395 3201; x_wconf 78' lang='lat' dir='ltr'><strong>alius</strong></span> <span class='ocrx_word' id='word_1_252' title='bbox 441 3159 523 3209; x_wconf 84' lang='lat' dir='ltr'><strong>rei,</strong></span> <span class='ocrx_word' id='word_1_253' title='bbox 571 3160 615 3199; x_wconf 88' lang='lat' dir='ltr'><strong>et</strong></span> <span class='ocrx_word' id='word_1_254' title='bbox 662 3161 710 3198; x_wconf 89' lang='lat' dir='ltr'><strong>ut</strong></span> <span class='ocrx_word' id='word_1_255' title='bbox 756 3167 887 3196; x_wconf 90' lang='lat' dir='ltr'><strong>unum</strong></span> 
     </span>
     <span class='ocr_line' id='line_1_43' title="bbox 92 3215 886 3272; baseline -0.01 -11"><span class='ocrx_word' id='word_1_256' title='bbox 92 3218 264 3272; x_wconf 78' lang='lat' dir='ltr'><strong>quidem</strong></span> <span class='ocrx_word' id='word_1_257' title='bbox 300 3217 421 3257; x_wconf 78' lang='lat' dir='ltr'><strong>unius</strong></span> <span class='ocrx_word' id='word_1_258' title='bbox 469 3215 522 3255; x_wconf 84' lang='lat' dir='ltr'><strong>sit</strong></span> <span class='ocrx_word' id='word_1_259' title='bbox 550 3226 678 3255; x_wconf 89' lang='lat' dir='ltr'><strong>unum</strong></span> <span class='ocrx_word' id='word_1_260' title='bbox 708 3216 886 3262; x_wconf 83' lang='lat' dir='ltr'><strong>tantum,</strong></span> 
     </span>
     <span class='ocr_line' id='line_1_44' title="bbox 93 3267 883 3318; baseline -0.009 -3"><span class='ocrx_word' id='word_1_261' title='bbox 93 3287 177 3315; x_wconf 91' lang='lat' dir='ltr'><strong>non</strong></span> <span class='ocrx_word' id='word_1_262' title='bbox 208 3274 385 3315; x_wconf 76' lang='lat' dir='ltr'><strong>nominis</strong></span> <span class='ocrx_word' id='word_1_263' title='bbox 417 3271 497 3313; x_wconf 88' lang='lat' dir='ltr'><strong>hoc</strong></span> <span class='ocrx_word' id='word_1_264' title='bbox 524 3283 653 3312; x_wconf 89' lang='lat' dir='ltr'><strong>unum</strong></span> <span class='ocrx_word' id='word_1_265' title='bbox 683 3269 752 3318; x_wconf 82' lang='lat' dir='ltr'><strong>sit</strong></span> <span class='ocrx_word' id='word_1_266' title='bbox 785 3267 821 3309; x_wconf 80' lang='lat' dir='ltr'><strong>h.</strong></span> <span class='ocrx_word' id='word_1_267' title='bbox 845 3281 883 3311; x_wconf 89' lang='lat' dir='ltr'><strong>e.</strong></span> 
     </span>
     <span class='ocr_line' id='line_1_45' title="bbox 93 3326 887 3382; baseline -0.006 -11"><span class='ocrx_word' id='word_1_268' title='bbox 93 3342 221 3372; x_wconf 90' lang='lat' dir='ltr'><strong>unum</strong></span> <span class='ocrx_word' id='word_1_269' title='bbox 258 3330 312 3372; x_wconf 86' lang='lat' dir='ltr'><strong>ad</strong></span> <span class='ocrx_word' id='word_1_270' title='bbox 356 3343 404 3371; x_wconf 86' lang='lat' dir='ltr'><strong>se</strong></span> <span class='ocrx_word' id='word_1_271' title='bbox 445 3329 580 3382; x_wconf 86' lang='lat' dir='ltr'><strong>ipsum</strong></span> <span class='ocrx_word' id='word_1_272' title='bbox 617 3326 786 3379; x_wconf 84' lang='lat' dir='ltr'><strong>quidem</strong></span> <span class='ocrx_word' id='word_1_273' title='bbox 816 3336 887 3366; x_wconf 82' lang='lat' dir='ltr'><strong>re-</strong></span> 
     </span>
     <span class='ocr_line' id='line_1_46' title="bbox 94 3380 887 3439; baseline -0.004 -10"><span class='ocrx_word' id='word_1_274' title='bbox 94 3391 276 3439; x_wconf 84' lang='lat' dir='ltr'><strong>seratur,</strong></span> <span class='ocrx_word' id='word_1_275' title='bbox 317 3399 396 3429; x_wconf 88' lang='lat' dir='ltr'><strong>nec</strong></span> <span class='ocrx_word' id='word_1_276' title='bbox 433 3397 536 3427; x_wconf 84' lang='lat' dir='ltr'><strong>vero</strong></span> <span class='ocrx_word' id='word_1_277' title='bbox 580 3396 677 3428; x_wconf 86' lang='lat' dir='ltr'><strong>cum</strong></span> <span class='ocrx_word' id='word_1_278' title='bbox 718 3380 887 3426; x_wconf 79' lang='lat' dir='ltr'><strong>nomine</strong></span> 
     </span>
    </p>
   </div>
   <div class='ocr_carea' id='block_1_12' title="bbox 966 2192 1764 2646">
    <p class='ocr_par' dir='ltr' id='par_1_17' title="bbox 966 2192 1764 2646">
     <span class='ocr_line' id='line_1_47' title="bbox 967 2192 1759 2238; baseline -0.003 0"><span class='ocrx_word' id='word_1_279' title='bbox 967 2195 1052 2238; x_wconf 84' lang='lat' dir='ltr'><strong>ulla</strong></span> <span class='ocrx_word' id='word_1_280' title='bbox 1088 2192 1350 2238; x_wconf 82' lang='lat' dir='ltr'><strong>contineatur</strong></span> <span class='ocrx_word' id='word_1_281' title='bbox 1384 2194 1547 2237; x_wconf 81' lang='lat' dir='ltr'><strong>ratione</strong></span> <span class='ocrx_word' id='word_1_282' title='bbox 1582 2205 1634 2237; x_wconf 86' lang='lat' dir='ltr'><strong>ac</strong></span> <span class='ocrx_word' id='word_1_283' title='bbox 1680 2205 1759 2236; x_wconf 85' lang='lat' dir='ltr'><strong>ne-</strong></span> 
     </span>
     <span class='ocr_line' id='line_1_48' title="bbox 970 2249 1764 2306; baseline -0.004 -11"><span class='ocrx_word' id='word_1_284' title='bbox 970 2252 1241 2295; x_wconf 82' lang='lat' dir='ltr'><strong>cessitudine.</strong></span> <span class='ocrx_word' id='word_1_285' title='bbox 1306 2252 1355 2294; x_wconf 89' lang='lat' dir='ltr'><strong>In</strong></span> <span class='ocrx_word' id='word_1_286' title='bbox 1392 2251 1456 2294; x_wconf 80' lang='lat' dir='ltr'><strong>his</strong></span> <span class='ocrx_word' id='word_1_287' title='bbox 1492 2264 1570 2306; x_wconf 88' lang='lat' dir='ltr'><strong>pro</strong></span> <span class='ocrx_word' id='word_1_288' title='bbox 1608 2249 1670 2293; x_wconf 78' lang='grc' dir='ltr'><strong>Τὸ</strong></span> <span class='ocrx_word' id='word_1_289' title='bbox 1714 2250 1764 2293; x_wconf 64' lang='grc' dir='ltr'><strong>δὲ·</strong></span> 
     </span>
     <span class='ocr_line' id='line_1_49' title="bbox 966 2306 1760 2364; baseline -0.003 -13"><span class='ocrx_word' id='word_1_290' title='bbox 966 2306 1291 2364; x_wconf 74' lang='grc' dir='ltr'><em>δύο”ὄ·νόματα</em></span> <span class='ocrx_word' id='word_1_291' title='bbox 1336 2309 1576 2351; x_wconf 84' lang='lat' dir='ltr'><strong>rectissime</strong></span> <span class='ocrx_word' id='word_1_292' title='bbox 1623 2318 1760 2362; x_wconf 81' lang='lat' dir='ltr'>nuper</span> 
     </span>
     <span class='ocr_line' id='line_1_50' title="bbox 969 2365 1760 2419; baseline -0.003 -10"><span class='ocrx_word' id='word_1_293' title='bbox 969 2379 1023 2409; x_wconf 85' lang='lat' dir='ltr'><strong>ex</strong></span> <span class='ocrx_word' id='word_1_294' title='bbox 1053 2365 1175 2408; x_wconf 85' lang='lat' dir='ltr'><strong>codd.</strong></span> <span class='ocrx_word' id='word_1_295' title='bbox 1208 2371 1251 2407; x_wconf 85' lang='lat' dir='ltr'><strong>et</strong></span> <span class='ocrx_word' id='word_1_296' title='bbox 1280 2365 1498 2419; x_wconf 88' lang='lat' dir='ltr'><strong>Simplicio</strong></span> <span class='ocrx_word' id='word_1_297' title='bbox 1521 2366 1760 2419; x_wconf 75' lang='lat' dir='ltr'><strong>repositum</strong></span> 
     </span>
     <span class='ocr_line' id='line_1_51' title="bbox 971 2420 1762 2490; baseline -0.003 -26"><span class='ocrx_word' id='word_1_298' title='bbox 971 2421 1038 2464; x_wconf 78' lang='grc' dir='ltr'><strong>Τό</strong></span> <span class='ocrx_word' id='word_1_299' title='bbox 1064 2438 1109 2465; x_wconf 79' lang='grc' dir='ltr'><strong>τε</strong></span> <span class='ocrx_word' id='word_1_300' title='bbox 1138 2420 1216 2464; x_wconf 76' lang='grc' dir='ltr'><strong>δύο</strong></span> <span class='ocrx_word' id='word_1_301' title='bbox 1247 2421 1325 2475; x_wconf 56' lang='grc' dir='ltr'><strong>ὅπη,</strong></span> <span class='ocrx_word' id='word_1_302' title='bbox 1349 2422 1409 2464; x_wconf 82' lang='lat' dir='ltr'><strong>ita</strong></span> <span class='ocrx_word' id='word_1_303' title='bbox 1435 2427 1484 2466; x_wconf 87' lang='lat' dir='ltr'><strong>ut</strong></span> <span class='ocrx_word' id='word_1_304' title='bbox 1510 2436 1556 2462; x_wconf 73' lang='grc' dir='ltr'><strong>τε</strong></span> <span class='ocrx_word' id='word_1_305' title='bbox 1580 2433 1762 2490; x_wconf 86' lang='lat' dir='ltr'><strong>respon-</strong></span> 
     </span>
     <span class='ocr_line' id='line_1_52' title="bbox 969 2474 1759 2545; baseline -0.006 -23"><span class='ocrx_word' id='word_1_306' title='bbox 969 2479 1068 2522; x_wconf 85' lang='lat' dir='ltr'><strong>deat</strong></span> <span class='ocrx_word' id='word_1_307' title='bbox 1098 2478 1236 2521; x_wconf 82' lang='lat' dir='ltr'><strong>verbis</strong></span> <span class='ocrx_word' id='word_1_308' title='bbox 1281 2477 1552 2545; x_wconf 76' lang='lat' dir='ltr'><strong>sequentibus</strong></span> <span class='ocrx_word' id='word_1_309' title='bbox 1588 2478 1678 2519; x_wconf 79' lang='grc' dir='ltr'><strong>Καὶ</strong></span> <span class='ocrx_word' id='word_1_310' title='bbox 1706 2474 1759 2518; x_wconf 57' lang='lat' dir='ltr'><strong>‘cd</strong></span> 
     </span>
     <span class='ocr_line' id='line_1_53' title="bbox 966 2535 1762 2592; baseline -0.004 -14"><span class='ocrx_word' id='word_1_311' title='bbox 966 2550 1170 2592; x_wconf 67' lang='lat' dir='ltr'><strong>naporum</strong></span> <span class='ocrx_word' id='word_1_312' title='bbox 1225 2551 1275 2590; x_wconf 71' lang='grc' dir='ltr'><strong>γε</strong></span> <span class='ocrx_word' id='word_1_313' title='bbox 1317 2535 1442 2578; x_wconf 73' lang='grc' dir='ltr'><strong>ἄποδ.</strong></span> <span class='ocrx_word' id='word_1_314' title='bbox 1454 2566 1467 2590; x_wconf 84' lang='grc'><em>,</em></span> <span class='ocrx_word' id='word_1_315' title='bbox 1518 2535 1559 2575; x_wconf 89' lang='lat' dir='ltr'><strong>in</strong></span> <span class='ocrx_word' id='word_1_316' title='bbox 1610 2535 1762 2588; x_wconf 79' lang='lat' dir='ltr'><strong>quibus</strong></span> 
     </span>
     <span class='ocr_line' id='line_1_54' title="bbox 966 2592 1763 2646; baseline -0.004 -12"><span class='ocrx_word' id='word_1_317' title='bbox 966 2593 1264 2646; x_wconf 67' lang='grc' dir='ltr'><em>ἀποδέχεσθαι</em></span> <span class='ocrx_word' id='word_1_318' title='bbox 1305 2607 1418 2638; x_wconf 82' lang='grc' dir='ltr'><em>τινος</em></span> <span class='ocrx_word' id='word_1_319' title='bbox 1458 2592 1650 2645; x_wconf 75' lang='grc' dir='ltr'><em>λέγοντος</em></span> <span class='ocrx_word' id='word_1_320' title='bbox 1693 2594 1763 2632; x_wconf 78' lang='lat' dir='ltr'><strong>est</strong></span> 
     </span>
    </p>
   </div>
   <div class='ocr_carea' id='block_1_13' title="bbox 961 2647 1762 2702">
    <p class='ocr_par' dir='ltr' id='par_1_18' title="bbox 961 2647 1762 2702">
     <span class='ocr_line' id='line_1_55' title="bbox 961 2647 1762 2702; baseline -0.005 -11"><span class='ocrx_word' id='word_1_321' title='bbox 961 2649 1243 2691; x_wconf 78' lang='lat' dir='ltr'><strong>dicentem</strong></span> <span class='ocrx_word' id='word_1_322' title='bbox 1282 2649 1519 2702; x_wconf 85' lang='lat' dir='ltr'><strong>aliquem</strong></span> <span class='ocrx_word' id='word_1_323' title='bbox 1565 2647 1762 2701; x_wconf 82' lang='lat' dir='ltr'><strong>proba-</strong></span> 
     </span>
    </p>
   </div>
   <div class='ocr_carea' id='block_1_14' title="bbox 967 2702 1766 3432">
    <p class='ocr_par' dir='ltr' id='par_1_19' title="bbox 967 2702 1766 3432">
     <span class='ocr_line' id='line_1_56' title="bbox 967 2702 1765 2763; baseline -0.004 -16"><span class='ocrx_word' id='word_1_324' title='bbox 967 2719 1051 2763; x_wconf 58' lang='lat' dir='ltr'><strong>xe,</strong></span> <span class='ocrx_word' id='word_1_325' title='bbox 1081 2711 1127 2746; x_wconf 86' lang='lat' dir='ltr'><strong>ut</strong></span> <span class='ocrx_word' id='word_1_326' title='bbox 1156 2704 1320 2746; x_wconf 88' lang='lat' dir='ltr'><strong>Phaed.</strong></span> <span class='ocrx_word' id='word_1_327' title='bbox 1351 2719 1392 2758; x_wconf 88' lang='lat' dir='ltr'><strong>p.</strong></span> <span class='ocrx_word' id='word_1_328' title='bbox 1424 2709 1491 2746; x_wconf 84' lang='lat'><strong>92.</strong></span> <span class='ocrx_word' id='word_1_329' title='bbox 1521 2705 1572 2744; x_wconf 83' lang='lat' dir='ltr'><strong>A.</strong></span> <span class='ocrx_word' id='word_1_330' title='bbox 1599 2702 1765 2756; x_wconf 86' lang='lat' dir='ltr'><strong>Euthy-</strong></span> 
     </span>
     <span class='ocr_line' id='line_1_57' title="bbox 967 2760 1764 2815; baseline -0.001 -13"><span class='ocrx_word' id='word_1_331' title='bbox 967 2761 1057 2815; x_wconf 87' lang='lat' dir='ltr'><strong>phr.</strong></span> <span class='ocrx_word' id='word_1_332' title='bbox 1089 2775 1130 2815; x_wconf 89' lang='lat' dir='ltr'><strong>p.</strong></span> <span class='ocrx_word' id='word_1_333' title='bbox 1165 2765 1202 2804; x_wconf 82' lang='lat'><strong>9.</strong></span> <span class='ocrx_word' id='word_1_334' title='bbox 1235 2762 1287 2802; x_wconf 86' lang='lat' dir='ltr'><strong>D.</strong></span> <span class='ocrx_word' id='word_1_335' title='bbox 1314 2763 1368 2802; x_wconf 83' lang='lat' dir='ltr'><strong>al.</strong></span> <span class='ocrx_word' id='word_1_336' title='bbox 1426 2760 1516 2802; x_wconf 86' lang='lat' dir='ltr'><strong>Iam</strong></span> <span class='ocrx_word' id='word_1_337' title='bbox 1550 2772 1653 2801; x_wconf 78' lang='lat' dir='ltr'><strong>vero</strong></span> <span class='ocrx_word' id='word_1_338' title='bbox 1682 2772 1764 2814; x_wconf 87' lang='lat' dir='ltr'><strong>po-</strong></span> 
     </span>
     <span class='ocr_line' id='line_1_58' title="bbox 968 2815 1764 2870; baseline -0.001 -12"><span class='ocrx_word' id='word_1_339' title='bbox 968 2816 1160 2858; x_wconf 66' lang='lat' dir='ltr'><strong>sterion-is</strong></span> <span class='ocrx_word' id='word_1_340' title='bbox 1205 2815 1322 2863; x_wconf 81' lang='lat' dir='ltr'><strong>huius</strong></span> <span class='ocrx_word' id='word_1_341' title='bbox 1385 2816 1587 2858; x_wconf 84' lang='lat' dir='ltr'><strong>enuntiati</strong></span> <span class='ocrx_word' id='word_1_342' title='bbox 1631 2816 1764 2870; x_wconf 75' lang='lat' dir='ltr'><strong>partis</strong></span> 
     </span>
     <span class='ocr_line' id='line_1_59' title="bbox 968 2872 1763 2924; baseline 0 -10"><span class='ocrx_word' id='word_1_343' title='bbox 968 2873 1155 2914; x_wconf 86' lang='lat' dir='ltr'><strong>rationes</strong></span> <span class='ocrx_word' id='word_1_344' title='bbox 1185 2884 1328 2914; x_wconf 78' lang='lat' dir='ltr'><strong>rursus</strong></span> <span class='ocrx_word' id='word_1_345' title='bbox 1360 2872 1423 2914; x_wconf 79' lang='lat' dir='ltr'><strong>sic</strong></span> <span class='ocrx_word' id='word_1_346' title='bbox 1457 2873 1763 2924; x_wconf 78' lang='lat' dir='ltr'><strong>examinantur,</strong></span> 
     </span>
     <span class='ocr_line' id='line_1_60' title="bbox 968 2929 1765 2982; baseline 0.001 -12"><span class='ocrx_word' id='word_1_347' title='bbox 968 2934 1016 2970; x_wconf 91' lang='lat' dir='ltr'><strong>ut</strong></span> <span class='ocrx_word' id='word_1_348' title='bbox 1061 2929 1169 2970; x_wconf 85' lang='lat' dir='ltr'><strong>duae</strong></span> <span class='ocrx_word' id='word_1_349' title='bbox 1218 2929 1448 2971; x_wconf 84' lang='lat' dir='ltr'><strong>afferantur</strong></span> <span class='ocrx_word' id='word_1_350' title='bbox 1491 2935 1765 2982; x_wconf 82' lang='lat' dir='ltr'><strong>argumenta-</strong></span> 
     </span>
     <span class='ocr_line' id='line_1_61' title="bbox 969 2983 1766 3039; baseline 0.001 -13"><span class='ocrx_word' id='word_1_351' title='bbox 969 2985 1093 3026; x_wconf 85' lang='lat' dir='ltr'><strong>tionis</strong></span> <span class='ocrx_word' id='word_1_352' title='bbox 1139 2990 1300 3039; x_wconf 77' lang='lat' dir='ltr'><strong>partes.</strong></span> <span class='ocrx_word' id='word_1_353' title='bbox 1382 2983 1676 3028; x_wconf 79' lang='lat' dir='ltr'><strong>Quamobrem</strong></span> <span class='ocrx_word' id='word_1_354' title='bbox 1715 2999 1766 3027; x_wconf 75' lang='grc' dir='ltr'><strong>τε</strong></span> 
     </span>
     <span class='ocr_line' id='line_1_62' title="bbox 969 3027 1764 3098; baseline 0.003 -16"><span class='ocrx_word' id='word_1_355' title='bbox 969 3046 1070 3096; x_wconf 88' lang='lat' dir='ltr'><strong>post</strong></span> <span class='ocrx_word' id='word_1_356' title='bbox 1120 3042 1273 3090; x_wconf 78' lang='grc' dir='ltr'><strong>Τιθείς</strong></span> <span class='ocrx_word' id='word_1_357' title='bbox 1318 3027 1639 3098; x_wconf 74' lang='lat' dir='ltr'><strong>interpositum</strong></span> <span class='ocrx_word' id='word_1_358' title='bbox 1661 3042 1764 3085; x_wconf 86' lang='lat' dir='ltr'><strong>item</strong></span> 
     </span>
     <span class='ocr_line' id='line_1_63' title="bbox 969 3097 1761 3171; baseline 0.001 -32"><span class='ocrx_word' id='word_1_359' title='bbox 969 3097 1243 3140; x_wconf 75' lang='lat' dir='ltr'><strong>referendum</strong></span> <span class='ocrx_word' id='word_1_360' title='bbox 1289 3103 1357 3140; x_wconf 72' lang='lat' dir='ltr'><strong>est</strong></span> <span class='ocrx_word' id='word_1_361' title='bbox 1409 3098 1463 3140; x_wconf 81' lang='lat' dir='ltr'><strong>ad</strong></span> <span class='ocrx_word' id='word_1_362' title='bbox 1521 3097 1761 3171; x_wconf 53' lang='lat' dir='ltr'><strong>sequeutia.</strong></span> 
     </span>
     <span class='ocr_line' id='line_1_64' title="bbox 968 3153 1760 3211; baseline 0.001 -16"><span class='ocrx_word' id='word_1_363' title='bbox 968 3154 1039 3195; x_wconf 78' lang='grc' dir='ltr'><strong>καὶ</strong></span> <span class='ocrx_word' id='word_1_364' title='bbox 1074 3155 1160 3208; x_wconf 75' lang='grc' dir='ltr'><strong>μὴν</strong></span> <span class='ocrx_word' id='word_1_365' title='bbox 1197 3169 1249 3194; x_wconf 79' lang='grc' dir='ltr'><em>αν</em></span> <span class='ocrx_word' id='word_1_366' title='bbox 1285 3153 1466 3196; x_wconf 70' lang='grc' dir='ltr'><em>ταύτόν</em></span> <span class='ocrx_word' id='word_1_367' title='bbox 1483 3169 1531 3210; x_wconf 70' lang='grc' dir='ltr'><strong>γε</strong></span> <span class='ocrx_word' id='word_1_368' title='bbox 1573 3153 1690 3211; x_wconf 79' lang='grc' dir='ltr'>αυτῷ</span> <span class='ocrx_word' id='word_1_369' title='bbox 1718 3170 1760 3199; x_wconf 77' lang='grc' dir='ltr'><strong>τ’.</strong></span> 
     </span>
     <span class='ocr_line' id='line_1_65' title="bbox 969 3196 1764 3267; baseline 0.004 -16"><span class='ocrx_word' id='word_1_370' title='bbox 969 3211 1083 3263; x_wconf 80' lang='lat' dir='ltr'><strong>quod</strong></span> <span class='ocrx_word' id='word_1_371' title='bbox 1120 3212 1190 3266; x_wconf 83' lang='lat' dir='ltr'><strong>qui</strong></span> <span class='ocrx_word' id='word_1_372' title='bbox 1225 3223 1309 3252; x_wconf 88' lang='lat' dir='ltr'><strong>non</strong></span> <span class='ocrx_word' id='word_1_373' title='bbox 1336 3216 1606 3267; x_wconf 81' lang='lat' dir='ltr'><strong>perspectum</strong></span> <span class='ocrx_word' id='word_1_374' title='bbox 1632 3196 1764 3254; x_wconf 84' lang='lat' dir='ltr'><strong>habe-</strong></span> 
     </span>
     <span class='ocr_line' id='line_1_66' title="bbox 970 3268 1763 3322; baseline 0.001 -14"><span class='ocrx_word' id='word_1_375' title='bbox 970 3268 1092 3319; x_wconf 86' lang='lat' dir='ltr'><strong>bant,</strong></span> <span class='ocrx_word' id='word_1_376' title='bbox 1135 3269 1163 3309; x_wconf 82' lang='lat' dir='ltr'><strong>ii</strong></span> <span class='ocrx_word' id='word_1_377' title='bbox 1207 3282 1254 3308; x_wconf 74' lang='grc' dir='ltr'><strong>τε</strong></span> <span class='ocrx_word' id='word_1_378' title='bbox 1294 3272 1565 3312; x_wconf 78' lang='lat' dir='ltr'><strong>mutaverunt</strong></span> <span class='ocrx_word' id='word_1_379' title='bbox 1607 3269 1650 3310; x_wconf 84' lang='lat' dir='ltr'><strong>in</strong></span> <span class='ocrx_word' id='word_1_380' title='bbox 1697 3282 1763 3322; x_wconf 75' lang='grc' dir='ltr'><strong>γε,</strong></span> 
     </span>
     <span class='ocr_line' id='line_1_67' title="bbox 969 3324 1763 3383; baseline 0.003 -19"><span class='ocrx_word' id='word_1_381' title='bbox 969 3324 1085 3377; x_wconf 89' lang='lat' dir='ltr'><strong>quod</strong></span> <span class='ocrx_word' id='word_1_382' title='bbox 1135 3325 1265 3368; x_wconf 80' lang='lat' dir='ltr'><strong>etiam</strong></span> <span class='ocrx_word' id='word_1_383' title='bbox 1315 3338 1342 3366; x_wconf 82' lang='lat' dir='ltr'><strong>a</strong></span> <span class='ocrx_word' id='word_1_384' title='bbox 1377 3325 1657 3383; x_wconf 78' lang='lat' dir='ltr'><strong>Stephano</strong></span> <span class='ocrx_word' id='word_1_385' title='bbox 1704 3325 1763 3367; x_wconf 78' lang='lat' dir='ltr'><strong>ita</strong></span> 
     </span>
     <span class='ocr_line' id='line_1_68' title="bbox 969 3381 1360 3432; baseline -0.003 -8"><span class='ocrx_word' id='word_1_386' title='bbox 969 3381 1129 3427; x_wconf 79' lang='lat' dir='ltr'><strong>factum</strong></span> <span class='ocrx_word' id='word_1_387' title='bbox 1157 3381 1360 3432; x_wconf 82' lang='lat' dir='ltr'><strong>videmus.</strong></span> 
     </span>
    </p>
   </div>
  </div>
 </body>
</html>
