2028 3750
634 222 724 276 Au
765 215 1175 279 soi-msTAM.
1677 221 1751 272 45
1817 200 1825 209 ’

71 367 172 417 sito
207 366 420 418 fecimus
456 366 706 419 iudicium.
779 366 995 418 Restant
1028 365 1126 416 alia
1162 358 1429 430 quaedam,
1475 377 1605 429 quae
1658 361 1755 415 hac

71 439 337 488 occasione
382 439 673 505 attingenda
715 439 845 499 sint,
897 454 962 490 ne
1006 452 1116 490 rem
1163 437 1445 488 differendo
1494 434 1753 486 difficilior

69 509 311 560 reddatur
345 525 527 560 causae
563 510 884 576 disceptatio.

209 607 285 659 Ac
334 610 552 675 primum
604 608 806 676 quidem
850 606 976 658 illud
1031 606 1220 657 iuvabit
1266 605 1548 668 monuisse,
1591 604 1754 656 videri

68 678 205 729 huno
252 679 437 731 librum
489 695 590 731 non
642 681 801 731 multo
839 682 959 744 post
994 677 1334 728 Theaetetum
1368 679 1418 727 in
1454 678 1620 727 lucem
1657 694 1753 743 pu·-

0 816 2 818 .
67 750 251 800 blicam
284 752 521 802 emissum
558 767 688 801 esse.
761 750 909 814 Quod
946 765 1035 799 cur
1067 750 1139 799 ita
1174 755 1470 810 statuamus,
1509 754 1562 798 et
1597 765 1752 814 argu-

68 825 291 870 mentum
330 823 439 873 eius
469 827 522 872 et
555 823 818 887 utriusque
853 821 970 870 libri
1005 822 1319 887 prooemium
1354 820 1532 870 efficit
1604 820 1752 880 Nam,

70 893 219 942 sicuti
241 891 515 958 Sophistae
556 893 751 942 initium
785 891 972 942 indicat
1008 891 1283 943 cohaerere
1321 907 1435 942 eum
1471 871 1752 941 arctissime

69 979 185 1013 cum
221 963 538 1026 Theaeteto,
585 966 657 1013 ita
691 964 840 1013 huius
875 956 992 1011 libri
1029 962 1288 1012 exordium
1325 962 1425 1012 tale
1462 967 1571 1023 est,
1618 961 1753 1027 quod

66 1035 139 1083 ita
184 1039 380 1085 tantum
428 1039 573 1087 recte
615 1033 833 1099 intelligi
882 1032 1221 1098 explicarique
1267 1033 1457 1098 possit,
1514 1035 1558 1083 si
1616 1033 1751 1082 hunc

69 1103 323 1171 dialogum
371 1122 472 1161 una,
517 1105 632 1154 fere
682 1120 795 1154 eum
832 1101 1074 1170 Sophista
1125 1104 1315 1154 editum
1363 1118 1479 1154 esse
1513 1105 1752 1154 sumseri-

67 1191 201 1234 mus,
274 1177 434 1239 Quam
466 1179 606 1227 arcta
639 1191 762 1224 vero
798 1173 1169 1225 necessitudine
1215 1175 1489 1239 disputatio
1535 1179 1753 1240 utroque

66 1247 199 1298 libro
243 1247 611 1314 comprehensa
655 1246 996 1307 contineatur,
1042 1244 1095 1294 id
1141 1260 1264 1294 vero
1314 1251 1436 1311 post
1489 1261 1576 1308 ea,
1625 1263 1754 1311 quae

65 1319 218 1369 modo
254 1320 592 1384 exposuimus,
629 1317 977 1367 demonstrare
1004 1316 1206 1367 minime
1243 1332 1371 1385 opus
1411 1322 1505 1367 est.
1579 1317 1754 1383 Itaque

67 1391 117 1439 in
149 1389 247 1440 hoc
284 1405 484 1455 quoque
520 1406 647 1456 opus
685 1389 987 1457 conveniunt
1023 1403 1151 1451 quae
1187 1389 1239 1438 in
1274 1386 1652 1452 Prolegomenis
1689 1388 1751 1437 ad

67 1460 405 1512 Theaetetum
435 1478 490 1528 p.
526 1462 598 1512 20
634 1476 707 1525 sq.
744 1459 1088 1518 iudicavimus,
1122 1474 1287 1524 neque
1322 1458 1644 1509 dubitandum
1679 1459 1754 1509 vi-

66 1531 245 1594 detur,
295 1533 413 1599 quin
453 1532 588 1582 illius
642 1530 897 1582 scribendi
943 1529 1206 1580 consilium
1243 1529 1442 1580 Platoni
1489 1531 1752 1580 subnatum

67 1603 136 1655 sit
182 1617 281 1668 quo
336 1607 570 1669 tempore
605 1605 726 1670 post
779 1601 969 1651 obitum
1005 1600 1232 1650 Socratis
1267 1599 1491 1665 Megaris
1524 1606 1606 1652 est
1639 1618 1752 1651 ver-

67 1677 239 1735 satuS,
288 1672 352 1723 de
399 1691 495 1739 qua
543 1690 602 1724 re
643 1687 771 1738 quae
815 1671 1177 1736 disputavimus
1225 1672 1412 1722 ibidem
1458 1688 1510 1736 p.
1558 1673 1593 1720 8
1643 1689 1753 1737 sqq.

67 1761 128 1794 ea
162 1744 263 1810 ipsi
305 1745 568 1812 relegant,
616 1758 830 1810 quorum
876 1743 1094 1795 interest
1129 1743 1193 1795 de
1238 1742 1319 1794 his
1365 1742 1519 1795 rebus
1554 1743 1753 1809 plenius

68 1815 294 1868 edoceri.

209 1898 531 1965 Sophistam,
578 1903 637 1947 ut
681 1900 906 1960 constat,
958 1896 1163 1962 excepit
1209 1899 1438 1963 proxime
1485 1876 1752 1952 Politicus,

70 1971 226 2035 Cuius
263 1986 390 2035 quae
425 1971 494 2019 sit
529 1985 642 2019 cum
678 1968 918 2034 Sophista
955 1969 1276 2019 cohaerentia
1313 1986 1372 2019 ac
1405 1970 1750 2033 necessitudO,

67 2044 166 2092 alio
201 2030 318 2091 loco
353 2040 632 2090 docebitur.
703 2040 848 2090 Nunc
880 2040 1004 2089 illud
1041 2045 1231 2090 tautum
1269 2039 1519 2102 dicamus,
1555 2042 1607 2090 in
1644 2040 1752 2089 Po·-

65 2114 206 2165 litico
253 2114 376 2161 item
424 2111 636 2176 disquiri
683 2110 748 2160 de
790 2112 1078 2162 notionibus
1121 2112 1229 2160 veri
1261 2116 1329 2161 -et
1372 2112 1489 2162 falsi
1530 2110 1750 2173 Politici,

66 2186 219 2250 eique
253 2183 534 2248 quaestioni
579 2184 862 2247 graviorem
905 2183 1148 2247 quandam
1195 2183 1261 2232 de
1306 2182 1404 2231 alio
1453 2187 1748 2247 argumento
1806 2192 1813 2197 ’

66 2257 349 2306 adiunctam
384 2269 501 2303 esse
537 2254 952 2319 disputationem,
989 2254 1137 2304 sicuti
1173 2254 1224 2303 in
1260 2252 1525 2319 Sophista,
1560 2255 1613 2303 in
1651 2270 1750 2319 quo

66 2326 278 2394 proprie
322 2325 487 2389 agitur
535 2324 601 2374 de
647 2325 874 2374 doctrina
917 2324 1261 2374 Eleaticorum
1305 2326 1356 2374 in
1402 2325 1583 2374 melius
1637 2341 1748 2375 mn·-

65 2398 218 2448 tanda
254 2401 307 2446 et
343 2396 405 2446 ad
443 2395 642 2460 plenam
676 2397 904 2446 veritatis
942 2397 1202 2446 scientiam
1249 2396 1520 2445 excolenda
1574 2401 1630 2445 et
1665 2412 1748 2445 re-

69 2469 358 2529 formanda,
394 2467 636 2532 Sophista
671 2484 701 2516 a
734 2482 855 2516 vero
890 2466 1196 2532 philosopho
1232 2467 1571 2532 distinguitur.
1643 2466 1749 2518 Sed

66 2541 267 2605 gravior
302 2537 386 2587 hic
422 2539 650 2587 exoritur
686 2539 930 2603 quaestio,
966 2553 1083 2588 num
1105 2538 1251 2587 Plato
1286 2548 1466 2604 postea
1499 2540 1748 2602 temporis

69 2611 219 2661 etiam
242 2609 544 2674 Philosophi
583 2610 689 2658 eius
716 2610 940 2673 speciem
977 2615 1030 2659 et
1063 2610 1326 2673 imaginem
1362 2609 1747 2667 adumbraverit,

69 2697 219 2746 quem
254 2681 307 2728 in
340 2678 440 2728 hoc
485 2680 599 2744 ipso
645 2680 776 2728 libro
814 2696 843 2727 a
879 2680 1122 2746 Sophista
1165 2680 1403 2744 distingui
1451 2681 1747 2742 secernique

67 2751 240 2800 voluit.
311 2748 439 2797 Nam
472 2749 584 2814 ipse
622 2755 764 2799 certe
799 2750 952 2799 talem
991 2766 1195 2815 operam
1231 2752 1485 2815 promisit,
1523 2750 1747 2815 Sophist.

70 2840 122 2888 p.
159 2819 279 2869 216.
316 2819 359 2867 E
388 2835 472 2883 sq.
511 2835 570 2868 ac
598 2836 646 2884 p.
676 2820 799 2867 254.
820 2820 880 2872 Β.
917 2821 1004 2870 ubi
1040 2821 1346 2870 dubitantius
1384 2821 1609 2885 loquitur
1643 2822 1745 2868 sic·
1786 2814 1787 2817 ¹

71 2887 325 2943 οὐκοῦν
312 2890 436 2971 περὶ
479 2890 581 2956 μὲν
627 2884 828 2940 τούτου
877 2890 1013 2972 (τοῦ
1039 2885 1421 2976 φιλοσόφου)
1470 2890 1561 2941 καὶ
1608 2886 1749 2974 τάχα

69 2954 499 3026 ἐπισκεψόμεθα
519 2961 879 3028 σαφέστερον,
918 2953 986 3010 ἂν
1023 2960 1101 3010 ε’τι
1136 2959 1502 3026 βουλομένοις
1534 2955 1667 3026 υμῖν
1692 2953 1745 3032 ἧ.

69 3040 126 3084 et
173 3045 295 3081 vero
358 3032 508 3080 etiam
565 3029 762 3080 Politic.
807 3047 856 3096 p.
904 3030 1026 3084 257.
1074 3033 1133 3080 A.
1179 3031 1266 3080 ubi
1312 3031 1482 3096 paullo
1527 3033 1746 3082 certius.

69 3098 210 3170 τάχα
256 3100 315 3151 δέ
353 3119 440 3167 γε,
495 3103 683 3166 inquit,
732 3092 774 3149 ὦ
813 3095 1137 3183 Σώκρατες,
1186 3097 1497 3186 ὀφειλησεις
1543 3097 1756 3165 ταύτης

70 3171 398 3259 τριπλάσιαι)
435 3168 662 3256 (χάριν),
701 3165 918 3222 ἐπειὸὰν
952 3165 1053 3223 τόν
1089 3189 1145 3223 τε
1186 3167 1474 3226 πολιτικὸν
1510 3168 1754 3243 0291439702-⁴

73 3244 278 3297 σωνταί
315 3259 406 3294 σοι
442 3244 535 3294 καὶ
570 3238 690 3294 τὸν
727 3236 1154 3313 φιλόσοφον.

213 3340 345 3405 Quid
394 3341 587 3406 igitur?
642 3340 721 3390 his
778 3342 1039 3406 promissis
1097 3342 1200 3392 suis
1248 3341 1366 3391 nu‘m
1412 3342 1745 3408 philosophus

73 3415 283 3465 stetisse
318 3413 672 3465 existimandus
720 3419 800 3464 est
845 3428 904 3465 an
949 3412 1086 3465 non?
1156 3410 1389 3463 Difficilis
1425 3430 1546 3467 sane
1584 3422 1637 3464 et
1671 3415 1751 3464 in-‘
