2028 3750
225 177 296 232 82
796 145 1319 253 ,PROLEGOM'ENA

226 338 329 377 non
362 324 506 373 aliam
556 321 618 371 ob
656 336 878 381 causam,
924 336 1069 383 quam
1119 323 1251 384 quod
1297 324 1361 373 de
1396 322 1733 375 Eleaticomm
1780 340 1893 390 gra-

226 396 429 445 vissimo
456 394 640 458 placito
665 393 934 457 suscipitur
967 394 1255 456 disputatio.
1317 396 1739 458 Quemadmodum
1764 397 1896 445 enim

225 465 546 516 Parmenides
583 468 636 510 et
656 463 891 512 Timaeus
928 464 980 511 in
1017 466 1388 527 cognominibus
1427 468 1661 531 operibus
1683 467 1897 528 loquen-

222 542 303 587 tes
341 537 654 593 inducuntur,
691 534 803 595 quia
842 534 892 582 in
929 534 1089 583 altero
1128 550 1286 600 opere
1313 534 1613 598 Eleatarum,
1650 539 1700 586 in
1737 537 1895 586 altero

227 606 686 672 Pythagor-aeorum
752 605 935 669 placita
996 619 1108 654 cum
1173 609 1329 671 ipsius
1393 607 1613 674 Platonis
1674 603 1899 657 doctrina

230 676 601 741 elegantissime
650 676 1003 734 conciliantur3
1052 678 1120 724 ita
1154 679 1204 725 in
1244 678 1479 739 sophista
1528 685 1757 742 putamus
1796 677 1896 726 ho-

227 749 410 798 minem
447 747 703 794 Eleaticae
738 748 1014 810 sapientiae
1051 751 1205 797 sacris
1240 750 1500 811 initiatum,
1537 750 1635 798 hoc
1673 755 1752 799 est
1784 748 1898 797 Me-

225 821 426 883 garicae
461 819 652 882 pariter
700 823 848 879 atque
885 817 1142 867 Eleaticae
1177 820 1432 868 doctrinae
1471 837 1674 885 gnarum
1721 825 1773 869 et
1808 815 1899 884 pe·-

225 891 409 949 ritum,
469 889 583 935 ideo
643 890 901 952 primarias
956 889 1237 940 disserendi
1284 898 1454 956 partes
1509 892 1728 953 habere,
1786 892 1900 952 quin

226 959 563 1015 Eleaticorum
614 965 667 1007 et
715 958 1084 1022 Megaricorum
1137 963 1202 1011 de
1241 970 1416 1010 natura
1461 963 1714 1027 cogitabili
1749 967 1900 1024 atque

225 1031 352 1082 ideis
391 1032 651 1093 opiniones
687 1031 756 1079 ita
792 1031 1138 1094 explorantur,
1186 1038 1242 1082 ut
1279 1034 1493 1095 denique
1528 1034 1683 1082 veluti
1718 1038 1899 1098 sponte

227 1118 343 1151 cum
388 1101 642 1149 Platonica
691 1102 888 1149 ratione
937 1105 1256 1154 concordent.
1341 1105 1451 1165 Quo
1499 1105 1698 1167 quidem
1747 1104 1899 1152 modo

224 1171 369 1223 Plato
418 1174 528 1237 ipse
577 1187 673 1219 non
723 1174 935 1220 obscure
983 1174 1303 1236 significavit,
1364 1180 1543 1238 quanta
1590 1177 1721 1224 inter
1759 1189 1899 1223 suam

227 1245 506 1294 doctrinam
554 1250 701 1304 atque
747 1242 1084 1292 Eleaticorum
1132 1247 1375 1293 rationem
1424 1247 1764 1296 intercederet
1810 1261 1898 1294 ne-

227 1315 483 1363 cessitudo
509 1318 656 1376 atque
682 1314 991 1362 coniunctio:
1021 1315 1120 1363 imo
1148 1317 1294 1364 etiam
1324 1317 1486 1380 palam
1510 1324 1563 1365 et
1585 1322 1760 1381 aperte
1779 1332 1898 1380 pro-

225 1386 396 1435 fessus
451 1389 530 1433 est
578 1400 634 1432 se
670 1383 730 1432 ab
767 1385 965 1432 illorum
1004 1386 1201 1449 placitis
1241 1389 1576 1436 examinandis
1611 1387 1898 1453 profectum

226 1457 441 1518 denique
486 1455 546 1503 ad
596 1470 733 1521 suam
779 1455 1035 1504 doctrinae
1094 1458 1336 1506 rationem
1395 1458 1670 1508 devenisse.
1753 1457 1900 1520 Quod

226 1527 461 1598 profecto
510 1527 687 1574 mirum
736 1532 816 1575 est
850 1543 914 1575 ne
950 1543 983 1574 a·
1015 1527 1315 1578 doctissimis
1363 1530 1563 1592 quidem
1599 1529 1900 1590 hominibus,

227 1601 447 1658 Astio,
494 1597 820 1658 Sochero,
871 1598 1330 1659 Prinsterero,
1375 1601 1511 1660 aliis,
1548 1614 1901 1664 usquequaque

230 1686 347 1719 esse
397 1676 750 1733 perspectum,
798 1685 861 1717 ex
912 1670 1088 1730 quibus
1128 1671 1454 1720 Socherus
1491 1672 1614 1720 adeo
1652 1672 1751 1720 hoc
1786 1673 1903 1736 ipso

227 1740 523 1805 argumento
571 1754 690 1787 usus
741 1746 849 1798 est,
893 1746 950 1787 ut
997 1739 1317 1805 Sophistam,
1365 1741 1630 1791 Politicum
1679 1748 1734 1792 et
1777 1741 1900 1791 Par-

227 1812 480 1862 menidem
532 1827 630 1858 non
667 1827 694 1857 a
731 1811 941 1859 Platone
978 1812 1065 1859 sed
1104 1813 1405 1877 philosopho
1442 1814 1606 1876 aliquo
1641 1813 1902 1878 Megarico

225 1885 471 1947 scriptum
512 1897 626 1929 esse
665 1884 937 1933 evinceret.
1010 1881 1256 1932 Nimirum
1306 1885 1428 1932 vidit
1476 1885 1563 1933 ille
1599 1886 1770 1948 utique
1810 1884 1901 1934 ali-

226 1956 365 2017 quid,
403 1952 532 2015 quod
569 1950 878 2015 Megaricum
914 1953 1187 2013 redoleret,
1227 1954 1314 2002 sed
1355 1971 1480 2017 quae
1519 1956 1626 2005 eius
1657 1957 1733 2004 rei
1754 1971 1902 2009 causa

227 2030 395 2085 esset,
433 2041 528 2071 non
566 2024 705 2072 vidit.
782 2023 904 2072 Cum
948 2025 1104 2088 igitur
1151 2025 1366 2091 hospitis
1405 2026 1617 2075 Eleatici
1662 2019 1901 2076 adventus

228 2113 290 2145 ex
328 2112 413 2156 ea,
462 2110 607 2156 quam
655 2094 892 2155 diximus,
943 2111 1117 2144 caussa
1153 2098 1458 2161 repetendus
1497 2099 1590 2156 sit,
1626 2098 1723 2146 iam
1757 2097 1901 2146 facil-

225 2167 346 2216 lime
396 2161 544 2214 etiam
595 2166 714 2212 illud
765 2167 957 2230 poterit
1002 2167 1237 2231 intelligi,
1287 2167 1349 2215 de
1397 2182 1495 2229 quo
1530 2169 1651 2216 item
1689 2168 1902 2218 multum

229 2244 310 2286 est
347 2238 639 2297 dubitatum,
677 2253 766 2284 cur
803 2239 1052 2301 ingenium
1080 2238 1294 2289 hominis
1319 2243 1470 2301 atque
1495 2254 1661 2288 mores
1697 2240 1768 2288 ita
1809 2238 1904 2288 de·-

225 2311 516 2372 signentur,
552 2308 624 2355 uti
664 2324 692 2354 a
729 2308 937 2356 Platone
971 2308 1157 2357 factum
1194 2311 1435 2358 videmus.
1506 2308 1737 2375 Fingitur
1772 2311 1903 2358 enim

226 2380 315 2427 ille
376 2394 470 2425 non
533 2380 879 2427 contentiosus
936 2395 993 2434 ac
1034 2380 1314 2444 litigiosus,
1375 2380 1547 2442 quales
1608 2381 1903 2445 plerumque

227 2451 540 2499 habebantur
577 2450 659 2509 qui
696 2450 1066 2513 Megaricorum
1107 2453 1210 2498 sive
1236 2452 1566 2499 Eristicorum
1605 2451 1900 2516 disciplinae

227 2521 388 2570 dediti
425 2525 620 2578 essent3
661 2535 822 2581 neque
859 2528 938 2568 est
975 2522 1251 2568 obstinatus
1290 2521 1623 2583 decretorum
1645 2521 1903 2570 Eleatico*

227 2606 337 2641 rum
386 2590 624 2638 defensor
673 2607 729 2637 ac
777 2596 1045 2654 patronus,
1107 2592 1191 2654 qui
1249 2593 1437 2655 argutis
1488 2592 1902 2641 conclusiunculis

227 2676 346 2712 suas
393 2662 654 2726 opiniones
702 2662 874 2722 quovis
936 2663 1084 2709 modo
1146 2668 1345 2710 tueatur
1388 2663 1597 2724 aliisque
1645 2663 1903 2712 inutilibus

227 2735 370 2782 tricis
406 2731 664 2781 nectendis
700 2734 954 2795 negotium
992 2733 1237 2794 facessat,
1274 2733 1361 2780 sed
1393 2735 1558 2796 potius
1583 2735 1764 2782 dicitur
1790 2749 1905 2782 esse

228 2804 388 2865 lenis,
426 2798 743 2863 mansuetus,
792 2802 1004 2866 denique
1045 2803 1103 2851 ad
1142 2805 1494 2866 exquirendum
1530 2820 1697 2852 verum
1734 2820 1904 2869 prom-

228 2880 312 2923 tus
360 2881 675 2940 paratusque.
746 2873 934 2923 Verum
991 2889 1280 2937 quamquam
1328 2876 1417 2923 tali
1454 2881 1534 2923 est
1567 2876 1786 2939 ingenio,
1820 2879 1904 2924 ta-

229 2962 343 2993 men
405 2953 609 2993 eatenus
663 2951 804 2992 certe
857 2946 1003 3009 plane
1059 2951 1138 2994 est
1200 2945 1451 2994 Eleaticus
1501 2953 1554 2994 et
1598 2945 1902 3010 Megaricus,

231 3024 474 3077 quatenus
528 3017 755 3063 usitatam
808 3015 954 3063 huius
1003 3015 1223 3065 familiae
1260 3016 1539 3065 disserendi
1573 3017 1698 3065 viam
1737 3022 1790 3065 et
1822 3032 1902 3063 ra·-

229 3089 417 3134 tionem
457 3094 613 3135 tenet.
686 3080 857 3148 Itaque
905 3089 954 3135 in
1001 3104 1059 3135 ea
1101 3093 1244 3152 parte
1281 3087 1420 3147 libri,
1469 3089 1518 3135 in
1565 3102 1659 3149 qua
1707 3088 1770 3135 dc
1807 3085 1901 3134 So-

231 3158 430 3220 phistac
478 3164 649 3205 natura
694 3157 1016 3218 disquiritur,
1083 3160 1338 3221 ingentem
1386 3157 1628 3219 quandam
1673 3156 1902 3221 congerit

232 3229 424 3290 copiam
477 3235 725 3275 acutarum
777 3229 1095 3289 divisionum,
1158 3229 1333 3290 quibus
1378 3245 1562 3292 genera
1609 3243 1808 3290 semper
1850 3227 1901 3275 in

234 3297 371 3346 binas
424 3304 592 3360 partes
640 3299 996 3360 diffinduntur,
1047 3314 1202 3361 usque
1250 3300 1363 3347 dum
1401 3299 1461 3347 ad
1499 3314 1604 3347 eam
1644 3298 1900 3346 notionem

231 3374 523 3434 perventum
563 3373 668 3428 est,
717 3371 796 3417 cui
834 3369 1073 3436 Sophiste
1110 3371 1364 3420 subiectus
1403 3385 1518 3419 esse
1553 3366 1801 3417 videatur:
1848 3370 1898 3418 in
