2028 3750
699 208 787 261 AD
824 206 1230 262 SOPHISTAM.
1727 208 1799 259 38

117 368 278 418 coque
314 352 520 417 negotio
558 355 661 401 tam
699 355 781 402 est
813 349 1017 412 multus,
1055 355 1159 402 tam
1196 350 1500 413 indefessus,
1538 354 1636 401 tam
1674 346 1793 401 sub-

87 425 220 475 xtilis
258 424 503 490 denique,
551 427 610 472 ut
653 421 806 471 facile
850 437 1089 488 agnoscas
1123 423 1376 473 bominem
1413 425 1463 474 iu
1501 421 1796 472 disserendo

114 494 176 546 ad
214 501 386 544 certae
422 494 632 546 alicuius
671 489 875 543 scholae
909 493 1155 543 rationem
1192 499 1246 545 et
1271 493 1683 546 consuetudinem
1708 493 1796 542 ad-

115 566 416 616 suefactum.
483 564 610 615 Nam
659 564 703 614 si
740 565 859 629 quid
892 565 1137 630 suspicari
1183 564 1332 625 licet,
1377 563 1647 631 Megarici,
1695 564 1796 613 Ze-

114 639 258 687 nonis
296 637 520 686 fortasse
558 636 839 699 exemplum
875 636 1056 693 secuti,
1093 636 1144 687 in
1179 634 1474 687 definiendis
1510 634 1797 686 notionibus

115 710 210 758 hac
259 708 338 758 usi
386 714 505 757 sunt
556 706 660 767 via,
705 711 763 755 ut
808 706 869 754 ab
909 721 1095 770 genere
1139 706 1306 772 aliquo
1353 706 1519 757 exorsi
1554 705 1797 771 deinceps

115 785 288 845 partes
324 779 398 828 illi
433 779 684 828 subiectas
722 775 898 826 ordine
934 784 1184 842 perpetuo
1223 783 1677 842 persequerentur,
1711 793 1798 827 us·

116 867 216 915 que
261 849 378 899 dum
431 861 492 898 ea
535 850 674 898 notio
711 847 1051 911 reperiretur,
1104 863 1230 912 quae
1264 848 1315 897 in
1350 850 1432 910 id,
1480 849 1545 899 de
1580 864 1678 913 quo
1713 849 1798 899 in-

103 923 295 971 stituta
332 925 473 969 esset
521 919 823 983 disputatio,
877 919 1144 968 convenire
1190 917 1459 970 videretur.
1529 919 1798 970 Enimvero

114 993 244 1042 hanc
293 990 493 1054 quidem
550 991 797 1038 rationem
855 988 1191 1054 usurpabant,
1250 991 1480 1054 quoniam
1541 987 1800 1042 Socratica

118 1062 391 1112 definiendi
426 1060 555 1109 ratio
591 1059 845 1108 adversari
881 1059 1143 1109 videbatur
1178 1059 1404 1124 ipsorum
1437 1059 1661 1121 decreto,
1699 1076 1799 1126 quo

117 1135 171 1183 in
213 1148 372 1182 unam
423 1131 735 1194 eandemque
772 1144 877 1178 rem
923 1129 1096 1195 plures
1146 1132 1498 1187 attributiones
1534 1133 1801 1181 convenire

117 1204 393 1269 negabant:
440 1203 574 1252 unde
624 1202 774 1250 etiam
821 1201 1174 1251 Antisthenem
1221 1201 1434 1267 legimus
1483 1202 1615 1269 apud
1661 1202 1800 1253 Ari-

119 1281 267 1326 stot.
301 1273 592 1339 Metaphys.
629 1269 691 1323 V.
727 1271 966 1322 29.V111.
995 1274 1043 1322 3.
1080 1287 1278 1323 omnem
1316 1273 1619 1323 definitionis
1655 1287 1801 1323 usum

117 1345 476 1412 repudiavisse.
551 1344 710 1408 Quam
764 1343 826 1391 ob
873 1358 982 1393 rem
1017 1342 1093 1392 illi
1129 1345 1177 1393 in
1220 1343 1502 1394 definiendo
1540 1360 1639 1394 non
1675 1359 1804 1393 con-—

117 1419 391 1482 iungebant
431 1415 697 1475 ηοῐίοηεε,
749 1413 842 1464 sed
889 1413 1174 1466 dividebant
1223 1415 1423 1481 potius,
1475 1429 1571 1479 quo
1607 1415 1805 1466 scilicet

117 1499 445 1552 unaquaeque
477 1486 589 1535 idea
624 1501 810 1551 perse
845 1500 1072 1535 seorsum
1098 1491 1329 1536 constare
1358 1484 1629 1538 videretur.
1701 1488 1802 1536 Ac-

120 1561 259 1610 cedit
297 1556 430 1625 quod
465 1554 593 1607 hanc
627 1554 873 1605 rationem
909 1571 1048 1605 suam
1084 1555 1294 1606 maxime
1331 1557 1381 1608 in
1414 1557 1476 1607 iis
1513 1556 1666 1607 rebus
1701 1557 1803 1606 cir-

122 1628 516 1681 cumscribendis
553 1628 843 1677 adhibuisse
877 1627 1137 1688 videntur,
1175 1642 1304 1695 quae
1339 1633 1514 1679 essent
1548 1628 1640 1678 sub
1681 1643 1803 1678 sen-

122 1717 210 1751 sus
249 1702 534 1760 subiectae,
570 1698 726 1748 veluti
760 1703 926 1760 arteS‚
965 1698 1027 1748 de
1067 1697 1245 1764 quibus
1281 1699 1329 1748 in
1366 1698 1604 1766 Sophiste
1642 1698 1803 1750 disse-

120 1773 267 1822 ritur.
337 1770 500 1820 Huius
537 1775 742 1819 nostrae
789 1770 1069 1819 sentcntiae
1106 1768 1327 1819 fatemur
1361 1784 1452 1820 nos
1480 1770 1670 1821 nullum
1705 1769 1804 1820 ha'-
1883 1782 1886 1785 '

122 1845 249 1894 bere
294 1841 560 1907 scriptoris
608 1840 813 1890 alicuius
859 1841 1224 1890 testimonium.
1305 1839 1409 1893 Sed
1460 1846 1629 1893 tamen
1690 1856 1804 1891 eam

122 1913 323 1964 aliunde
367 1912 570 1963 firmare
617 1925 771 1977 posse
819 1925 917 1961 non
969 1911 1149 1961 iniuria
1191 1909 1335 1963 nobis
1383 1911 1624 1963 videmur.
1706 1911 1806 1962 Est

124 1987 257 2036 enim
301 1984 428 2034 haec
483 1982 714 2033 notiones
769 1981 1212 2033 circumscribendi
1267 1981 1397 2033 ratIo
1443 1997 1507 2032 ex
1554 1987 1805 2049 perpetua

124 2055 334 2122 quadam
372 2051 667 2120 divisionum
703 2053 837 2104 serie
873 2052 1021 2103 ducta
1058 2057 1110 2103 et
1145 2052 1367 2119 repetita
1402 2052 1651 2104 simillima
1685 2070 1807 2104 sane

125 2128 175 2178 ei
222 2124 435 2188 rationi,
490 2139 586 2191 qua
621 2122 876 2175 Eleaticos
915 2128 970 2175 et
1003 2122 1294 2190 Megaricos
1327 2125 1379 2175 in
1413 2124 1808 2190 argumentando

123 2214 244 2250 usos
293 2211 408 2248 esse
454 2204 775 2262 compertum
830 2196 1089 2246 habemus.
1173 2192 1505 2248 cumulabant
1552 2196 1682 2247 enim
1729 2194 1806 2247 illi

125 2269 585 2336 argumentationes
641 2265 1154 2332 argumentationibus
1217 2266 1316 2328 ita,
1373 2271 1432 2318 ut
1492 2282 1694 2334 semper
1743 2282 1807 2318 ex

126 2341 528 2391 conclusionibus
586 2345 831 2407 protenus
890 2351 1041 2388 novas
1103 2334 1387 2390 derivarent
1444 2338 1807 2389 conclusiones,

125 2409 275 2477 Quod
323 2425 418 2477 qua
462 2410 660 2460 ratione
697 2408 857 2475 abiis
894 2408 1084 2460 factum
1124 2408 1222 2470 sit,
1274 2422 1441 2475 nuper
1475 2409 1683 2476 copiose
1718 2422 1807 2462 ex·

125 2482 386 2551 posuimus
431 2479 481 2532 in
517 2480 897 2547 Prolegomenis
944 2477 1007 2530 ad
1043 2478 1394 2531 Parmenidem
1431 2476 1560 2530 libro
1597 2478 1685 2531 111.
1721 2494 1806 2530 se·

129 2557 297 2605 ctione
343 2549 429 2603 111.
475 2567 526 2619 p.
575 2552 682 2602 314
717 2566 825 2616 sqq.
873 2548 1194 2616 Diogenis
1240 2550 1493 2602 Laertii
1542 2555 1597 2602 et
1646 2550 1808 2617 ipsius

126 2625 356 2676 Platonis
395 2625 474 2672 usi
508 2624 830 2674 testimoniis,
903 2620 1035 2686 Quid
1069 2621 1265 2686 igitur?
1299 2620 1396 2672 hac
1430 2621 1809 2685 argumentandi

127 2697 325 2746 ratione
363 2692 449 2758 qui
481 2694 564 2743 usi
608 2698 752 2754 sunt,
806 2707 895 2742 eos
944 2706 1060 2741 num
1095 2689 1446 2742 veridissimile
1479 2690 1809 2742 iudicabimus

129 2769 232 2817 isto
268 2765 417 2814 modo
452 2762 505 2814 in
542 2763 751 2828 singulis
791 2763 1078 2812 notionibus
1112 2761 1351 2813 rimandis
1387 2766 1613 2812 versatos
1650 2762 1810 2812 esse‘!

129 2838 309 2900 ltaque
355 2850 448 2884 nos
492 2834 692 2899 quidem
730 2834 804 2883 sic
852 2832 994 2883 nobis
1030 2834 1400 2898 persuasimus,
1451 2830 1712 2883 Platonem
1757 2833 1809 2885 in

134 2908 376 2974 Sophista
423 2908 477 2954 et
519 2904 734 2955 Politico
778 2900 1047 2952 definiendi
1096 2899 1175 2951 vel
1222 2904 1392 2967 potius
1428 2900 1809 2966 ‹latei-minandi,

131 2981 186 3029 in
233 2976 531 3027 Pan-menide
580 2979 746 3025 autem
792 2972 1172 3038 argumentandi
1218 2973 1344 3023 viam
1394 2977 1448 3023 et
1497 2973 1744 3024 rationem
1779 2989 1811 3025 a

131 3049 406 3115 Megaricis
441 3052 731 3111 usurpatam
768 3044 933 3093 faceta
958 3043 1239 3093 imitatione
1265 3045 1593 3110 expressisse.
1662 3044 1813 3113 Quod

134 3137 235 3186 quo
277 3117 485 3168 consilio
522 3118 592 3166 ita
627 3116 828 3176 fecerit,
863 3127 979 3164 mox
1002 3112 1291 3164 videbimus.
1363 3110 1511 3165 Nunc
1545 3114 1679 3167 enim
1711 3114 1812 3166 hoc

135 3197 328 3242 tantum
362 3187 583 3254 agimus,
627 3193 685 3237 ut
736 3185 956 3250 hospitis
991 3185 1139 3234 istius
1173 3184 1392 3236 Eleatici
1424 3186 1486 3236 ab
1524 3199 1588 3236 eo
1623 3184 1813 3237 inducti

133 3263 388 3326 ingenium
423 3266 574 3323 atque
611 3273 776 3308 mores
814 3255 984 3321 paucis
1019 3254 1385 3307 adumbremus.
1452 3253 1627 3308 Utitur
1659 3255 1815 3323 igitur

85 3326 94 3334 ’
135 3333 224 3383 ille
260 3347 362 3382 non
398 3345 539 3381 mere
575 3328 857 3389 Socratica,
904 3325 994 3377 sed
1032 3327 1201 3393 potius
1236 3323 1494 3393 Megarica
1527 3327 1813 3394 disputandi

82 3417 86 3419 ’
138 3404 364 3463 ratione.
413 3403 601 3467 quippe
649 3399 730 3450 cui
784 3395 971 3451 dudum
1004 3402 1116 3449 erat
1150 3395 1491 3451 adsuefactus.
1561 3397 1813 3451 Verunta-

209 3500 320 3544 Plat.
354 3499 465 3554 ορρ.
497 3496 592 3542 v01.
625 3493 740 3541 vm.
772 3493 888 3540 sect.
919 3491 973 3539 11.
1373 3482 1412 3534 3
