2028 3750
741 185 1162 246 SQPHISTA.
1676 183 1780 236 131

111 322 361 397 νόημα.
388 329 521 404 παρ’
564 335 770 388 ἐκείνου
793 353 851 387 τε
875 323 977 388 οὗν
1012 339 1384 404 μαρτυρεῖται,
1426 332 1518 388 καὶ
1543 327 1785 401 μάλιστά

111 431 171 480 γε
213 409 280 479 δὴ
321 413 546 470 πάντων
601 413 630 470 ὁ
668 414 829 484 λόγος
852 412 1022 481 αὐτὸς
1046 411 1117 471 ἂν
1157 413 1405 482 δηλώσειε
1445 422 1637 486 μέτρια
1679 418 1785 487 βα-

112 499 415 561 σανισθείς.
470 498 626 553 τοῦτ’
689 491 789 554 οὗν
832 496 969 554 αὐτὸ
1023 501 1244 574 πρῶτον
1301 495 1680 570 θεοῖσώμεθά,
1737 504 1782 554 εἰ

110 576 188 649 μή
236 583 290 632 τί
333 598 421 635 σοι
465 585 782 656 διαφέρει..

234 663 433 721 ΘΕΑΙ.
523 663 599 720 Τὸ
641 670 744 735 μὲν
777 662 910 735 &adv
951 661 1059 741 ὅπῃ
1100 662 1287 735 βούλει
1327 666 1540 727 τίθεσο,
1583 659 1683 718 τὸν
1725 666 1783 719 δὲ

110 741 294 812 Myon,
337 739 369 822 ἦ
406 750 659 817 βέλτιστα
703 749 923 814 διέξεισι,
966 751 1183 803 σκοπῶν
1225 745 1419 812 αὐτός
1429 768 1484 803 τε
1529 747 1622 802 ἴθι
1644 746 1782 819 κάμὲ

111 824 253 881 κατὰ
296 828 505 896 ταύτην
537 829 639 896 τὴν
680 826 812 887 ὁδὸν
847 827 962 900 ἄγε.

232 905 372 987 Cap.
426 910 626 969 XXV.
711 911 826 974 ΞΕ.
901 909 1067 968 Ἀλλὰ
1115 908 1220 986 χρὴ
1270 913 1410 984 δρᾶν
1454 915 1651 969 ταῦτα.
1691 917 1785 969 καί

24 999 31 1008 ”
110 1012 208 1063 μοι
246 996 390 1062 λέγε·
432 994 496 1052 τὸ
538 1000 799 1068 μηδαμῶς
845 992 910 1051 ὃν
951 999 1232 1068 τολμῶμέν
1255 1017 1363 1051 που
1393 1000 1784 1072 φθέὶγεσθαις

242 1077 448 1175 ΘΕΑΙ.
528 1083 668 1145 Πῶς
697 1077 808 1154 γὰρ
842 1075 953 1149 οὕς
1789 1106 1792 1109 ’

228 1293 351 1350 διζη
361 1312 524 1363 μενος
553 1314 596 1341 ει
584 1299 703 1355 ῗργε
733 1296 919 1354 νόηιια]
981 1298 1054 1340 Sic
1087 1299 1177 1342 libri
1212 1309 1372 1341 omnen.
1430 1298 1543 1341 Infra
1572 1304 1715 1342 tamen
1743 1314 1784 1355 p.

113 1351 211 1396 258.
249 1355 302 1397 D.
346 1351 554 1408 διζήσιος,
595 1355 709 1409 quod
757 1356 912 1398 habent
943 1357 1099 1397 Sextus
1129 1356 1223 1398 adv.
1253 1355 1573 1398 Mathem.v.11
1604 1358 1641 1399 3.
1673 1358 1788 1399 Sim-

113 1412 209 1466 plic.
234 1411 276 1453 in
307 1411 434 1453 Arist.
462 1412 591 1467 Phys.
620 1427 660 1468 p.
692 1416 757 1454 17
783 1412 1787 1467 p.71.conf.Brandis.Comme11tatt.Eiea—

110 1468 184 1511 tic.
209 1467 243 1511 1.
269 1481 298 1522 p
345 1466 441 1512 106

115 1648 213 1680 nem
257 1635 442 1680 defendit
485 1638 571 1691 sic,
614 1643 661 1680 ut
689 1638 911 1683 Parmeni-

117 1696 216 1736 dem
246 1681 371 1737 dicat
400 1709 424 1737 a
454 1695 637 1737 Platone
674 1697 812 1738 induci
845 1702 911 1740 et-

114 1752 199 1792 iam
240 1751 429 1805 pedestri
469 1757 665 1794 sermone
702 1758 909 1799 utentem.

117 1809 278 1863 quippe
293 1821 420 1861 quem
443 1807 573 1850 modo
603 1808 781 1851 dixisset
810 1809 914 1863 πεζῇ

116 1880 164 1906 τε
195 1865 264 1905 καὶ
291 1863 400 1906 κατὰ
429 1868 584 1921 μέτρον
600 1878 694 1907 cum
726 1867 910 1908 familia-

116 1922 234 1963 ribus
267 1921 530 1964 disseruisse·
586 1923 736 1976 Neque
774 1923 909 1977 ipsius

119 1979 324 2019 orationis
371 1978 510 2021 forma
559 1993 610 2022 ea
661 1985 751 2033 est,
801 1994 909 2033 quae

116 2034 282 2076 fraudis
297 2035 577 2090 suspicionem
593 2041 775 2079 moveat.
800 2037 914 2079 Nam

116 2095 234 2134 recte
262 2092 455 2161 profecto
477 2094 631 2134 dixeris
661 2092 712 2135 οὔ
744 2091 913 2148 μήποτε

116 2149 252 2189 τοῦτο
298 2146 490 2203 οὖδιιιιῆ,
538 2165 572 2190 ει
562 2150 648 2190 τνοιι
691 2152 748 2205 μή
790 2150 912 2202 ὄντα,

118 2203 200 2246 hoc
222 2218 363 2258 sensu,
389 2205 800 2262 haudquaquam
830 2209 913 2249 ita

120 2264 230 2313 est,
287 2267 342 2303 ut
387 2264 494 2305 sint
545 2266 614 2319 ιιή
666 2264 827 2316 (ἵστα,
879 2278 912 2306 s.

119 2304 551 2373 haudquaquam
573 2322 623 2364 id
657 2322 783 2364 fieri
821 2334 913 2375 po-

119 2379 246 2427 test,
265 2380 322 2417 ut
347 2375 450 2419 sint
483 2390 623 2431 quae
653 2392 753 2420 non
783 2380 911 2421 sint.

120 2406 250 2474 Quod
274 2431 384 2474 enim
406 2435 607 2478 reticetur
635 2436 736 2488 ἔστι,
766 2436 808 2477 id
837 2449 915 2477 no-

120 2488 185 2529 bis
203 2489 375 2542 quidem
395 2494 553 2534 nullum
578 2492 706 2534 iniicit
735 2506 915 2547 serupu-

120 2545 220 2586 lum.
279 2545 428 2599 Neque
456 2547 678 2589 infinitivus
701 2564 734 2590 ει
724 2549 811 2589 ’ναι
828 2551 918 2592 sine

119 2599 170 2642 τό
204 2603 382 2644 articulo
411 2604 578 2656 positus
600 2605 822 2647 offenslom
835 2612 916 2658 est

120 2670 247 2710 quem
299 2659 355 2699 ab
392 2659 486 2712 ipso
537 2660 721 2704 Platone
768 2663 831 2703 sic
876 2663 919 2703 in

122 2715 350 2767 epexegesi
415 2717 607 2770 usurpari
665 2715 805 2760 solere
863 2716 917 2759 ad

121 2769 340 2812 Phaedon.
388 2784 429 2826 p.
467 2776 535 2814 64.
580 2772 629 2814 C.
670 2769 830 2815 Criton.
873 2788 900 2827 p

121 2831 194 2867 45.
232 2825 285 2867 E.
325 2831 370 2869 et
399 2828 516 2870 alios
560 2830 680 2871 locos
726 2829 919 2872 videmur

123 2880 334 2927 docuisse.
421 2883 521 2927 Huc
581 2884 746 2927 accedit
805 2885 920 2939 quod

122 2938 237 2981 istud
286 2938 444 2982 ουποτε
498 2937 671 2995 οὐδαμῆ
723 2938 923 2994 ου’ὃαμῶς

122 2995 404 3038 Parmenides
431 3011 560 3052 saepe
589 3011 765 3040 numero
793 2999 923 3041 etiam

123 3052 166 3093 in
218 3053 470 3120 cognomine
518 3054 688 3108 dialogo
728 3059 923 3109 usurpat,

125 3113 175 3150 ut
213 3108 267 3150 ad
306 3109 438 3164 ipsius
474 3121 640 3154 morem
670 3108 829 3154 dictum
859 3112 922 3154 vi-

126 3164 294 3211 dentur.

184 3221 238 3267 B.
297 3238 383 3264 τον
433 3221 483 3265 δὲ
521 3217 767 3278 λόγον,ἦ
740 3243 764 3276 ῃ
808 3222 925 3291 βέλ-

127 3293 282 3320 τιστα
312 3280 634 3335 &estuat—J
666 3281 713 3335 Ip
718 3294 764 3322 se
795 3298 816 3321 ο
848 3275 924 3320 λα’·

128 3348 206 3389 γος
247 3336 402 3378 dicitur
447 3337 649 3384 διεξιέναι.
683 3337 771 3406 aDe
813 3337 925 3380 Re.

130 3391 201 3432 VT.
229 3405 270 3447 p.
303 3399 395 3435 5⁰3.
427 3395 476 3437 A.
522 3391 696 3436 τοιαῦτ
729 3392 841 3435 ἄττα
873 3409 926 3446 ην

995 1655 1051 1681 τα
1080 1636 1286 1695 λεγᾶιιενα
1310 1637 1583 1706 παρεξιόντος
1600 1639 1671 1680 καὶ
1700 1653 1788 1681 ποι-

995 1698 1372 1764 ρακιιιιιλυπτομέιοι
1384 1713 1459 1737 του
1446 1691 1619 1763 λογον,
1631 1708 1786 1750 quum

997 1751 1021 1793 ὅ
1061 1752 1189 1807 λόγος
1225 1754 1289 1795 de
1323 1755 1413 1795 via
1460 1752 1785 1795 declinaret.

994 1810 1103 1853 lbid.
1133 1823 1173 1865 p.
1211 1816 1306 1852 484.
1343 1814 1393 1853 A.
1406 1806 1494 1855 δια
1525 1812 1693 1865 μακροῦ
1721 1825 1794 1857 τις,

996 1881 1067 1915 νος
1108 1866 1403 1914 διεξελθόντος
1439 1865 1596 1920 λόγου,
1631 1879 1798 1922 quum,

995 1936 1086 1977 per
1138 1924 1391 1978 ambages
1451 1937 1556 1966 rem
1606 1935 1787 1978 perse-

995 1994 1022 2034 q
1035 1993 1060 2020 u
1073 1995 1096 2022 e
1108 1994 1129 2022 r
1143 1995 1166 2023 e
1180 1985 1198 2021 t
1210 1995 1235 2022 u
1247 1994 1279 2023 r.
1318 1980 1538 2025 Sententia
1557 1981 1790 2022 verborum

995 2036 1122 2091 igitur
1179 2036 1280 2079 haec
1350 2044 1434 2079 est:
1505 2050 1598 2092 rep
1613 2042 1799 2087 utans,.

994 2108 1104 2146 qua
1135 2094 1215 2135 via
1249 2094 1556 2148 disputatio
1586 2095 1789 2148 optime

997 2165 1336 2204 processura
1370 2166 1403 2193 s.
1435 2164 1537 2192 rem
1579 2151 1791 2205 optime

996 2215 1407 2261 persequutura
1439 2208 1534 2259 sit,
1582 2208 1791 2261 etipse

996 2265 1143 2317 praei
1169 2270 1222 2305 et
1245 2279 1321 2307 me
1352 2264 1531 2307 eadem
1564 2265 1663 2306 duc
1691 2278 1717 2304 ι
1729 2265 1787 2304 ia.

995 2322 1233 2362 Praeterea
1281 2321 1649 2363 Heindorfius
1686 2327 1792 2388 apte

999 2382 1220 2447 comparaet
1241 2377 1406 2420 Politic.
1427 2392 1466 2432 p.
1487 2382 1582 2418 268.
1601 2377 1653 2420 D.
1680 2372 1788 2418 καθ’

998 2433 1143 2489 ἑτέραν
1183 2431 1293 2475 οδόν
1327 2436 1613 2502 πορευθῆιαι.
1656 2432 1801 2503 Legg..

997 2491 1068 2533 IV.
1101 2504 1141 2545 p
1176 2495 1271 2532 7⁰7.
1301 2492 1352 2533 D.
1390 2488 1499 2532 κατὰ
1541 2489 1622 2543 τήν
1657 2488 1796 2542 αὗτῆν

998 2545 1105 2590 οδον
1134 2545 1374 2602 ἐρχόμεθα.

1054 2620 1110 2644 το
1166 2604 1428 2658 μηδαμῶς
1486 2604 1546 2646 ὃν
1595 2600 1795 2655 τολμῶ-

999 2663 1088 2714 μέν
1118 2676 1214 2702 ποι
1247 2662 1358 2715 φθ]
1389 2660 1596 2714 Apparuit
1625 2664 1805 2713 postre-

1003 2730 1072 2759 mo
1121 2717 1348 2769 sophistam
1404 2731 1499 2758 esse
1549 2716 1806 2781 speciosum.-

1001 2773 1089 2814 veri
1127 2772 1360 2827 philosophi
1397 2772 1676 2820 imitatorem
1726 2769 1799 2823 qui

1003 2829 1138 2871 fallaci
1159 2829 1364 2883 sapientia
1389 2830 1520 2870 fretus
1552 2829 1719 2872 simulet
1749 2841 1800 2869 se

1006 2898 1102 2927 esse
1152 2884 1216 2936 id,
1263 2885 1379 2938 quod
1422 2897 1503 2926 non
1552 2890 1630 2927 est.
1698 2885 1802 2928 Quat

1007 2940 1323 2995 opportunitate
1353 2954 1452 2984 usus
1461 2942 1663 3007 Eleates,
1695 2940 1798 2995 quid

1008 2998 1062 3040 de
1099 3003 1251 3039 natura
1294 2998 1375 3039 τοῦ
1410 2993 1469 3065 μιί
1500 2997 1628 3045 ὄντος
1657 3003 1799 3040 statua-

1008 3053 1164 3096 endum
1213 3057 1289 3107 sit,
1340 3056 1559 3108 exquirere
1599 3055 1797 3100 instituit..

1008 3111 1182 3152 Orditur
1208 3112 1331 3163 igitur
1362 3113 1416 3153 ah
1446 3112 1525 3153 hoc
1555 3112 1653 3154 loco
1682 3114 1800 3159 cele·-

1006 3167 1247 3209 bratissima
1285 3166 1353 3212 illa
1386 3167 1440 3210 de
1469 3167 1579 3210 Ente
1610 3172 1652 3210 et
1667 3168 1800 3217 „Non—-

1009 3230 1107 3273 ente
1137 3225 1390 3278 disputatio,
1420 3237 1502 3277 qua
1536 3225 1797 3277 refelhmtur,

1007 3281 1076 3335 qui
1092 3280 1390 3325 Parmeniden·
1413 3283 1547 3330 secuti
1559 3281 1661 3324 nihil
1677 3283 1800 3334 quid-

1006 3349 1133 3390 quam
1164 3349 1248 3379 uon
1279 3351 1564 3390 esse20m1ua
1595 3352 1691 3389 esse
1721 3352 1798 3379 vo-

1006 3394 1164 3436 lebant.
1224 3395 1344 3439 Quae
1376 3400 1423 3436 ut
1445 3392 1558 3437 recte
1589 3395 1798 3446 iuteliiga-

1304 3483 1402 3532 9*
