2028 3750
750 184 1171 240 sormsTA.
1205 188 1219 250 j

254 332 460 389 ΘΕΑΙ.
549 329 753 399 Ουτως.

1704 181 1808 233 191

249 416 406 479 ΞΕ.
426 420 520 472 Τί
560 416 692 473 ποτ’
742 437 815 471 av
845 415 948 471 νῦν
978 410 1154 478 οὕτως
1183 408 1472 485 εἰρήκαμεν
1499 406 1565 466 τό
1591 431 1648 467 τε
1670 409 1814 470 ταὺ-
1845 489 1854 492 -

126 499 227 558 τὸν
267 503 362 558 καὶ
404 499 698 573 θάτερον,·
748 497 957 570 πότερα
1001 496 1099 554 δύο
1141 502 1268 569 γένη
1306 499 1419 553 τινὲ
1472 493 1650 562 αὐτώ,
1692 499 1813 552 τῶν

125 589 228 660 μὲν
267 587 435 658 τριῶν
476 581 655 651 ἅ2,2ω
698 584 1135 656 ξυμμιγνυμένω
1146 577 1259 652 μὴν
1300 584 1523 644 ἐκείνοις
1559 578 1668 646 ὲξ’
1638 578 1814 651 ανάγ-

126 691 227 759 κης
259 668 377 734 ἀεί,
417 672 508 724 καὶ
555 672 677 742 περὶ
719 676 876 725 πέντε
917 662 1042 722 ἀλΓ

1107 664 1178 720 όύ
1197 667 1341 736 περὶ
1382 667 1548 735 τριῶν
1593 660 1665 728 ὡς
1707 659 1814 719 ὅν-

124 754 238 809 των
278 750 464 809 αὐτῶν
509 756 783 817 σκεπτέον,
824 748 859 820 ⁷'1
905 748 970 805 τό
1013 770 1070 805 τε
1112 746 1323 804 ταύτὸν
1362 752 1530 808 τοῦτο
1570 750 1662 802 καὶ
1697 744 1816 802 θά-

124 857 287 911 τερον
340 835 414 901 ὡς
467 841 683 893 ἐκείνων
730 857 808 892 τι
879 831 1379 909 προςαγορεύοντες
1444 829 1812 905 λανθάνομεν
1849 836 1957 889 255

125 919 274 998 ἡμᾶς
317 920 553 990 αὐτούςς
604 982 606 984 ,

195 1010 198 1011 ’
258 1004 467 1061 ΘΕΑῙ.
534 999 714 1070 Ἴσως.

254 1084 368 1151 ΞΕ.
446 1085 617 1143 “’·Αλλ
645 1083 712 1143 οὔ
752 1106 809 1143 τι
849 1082 962 1157 μὴν
1002 1088 1209 1153 κίνησίς
1247 1088 1308 1156 ’γε
1334 1084 1427 1140 καὶ
1452 1081 1644 1169 στάσις
1671 1081 1840 1144 ουθῗ

133 1178 324 1246 ἕτερον
367 1166 492 1228 οὐτε
532 1170 744 1227 ταύτόν
783 1173 916 1227 ἐστι.

266 1257 477 1358 ΘΕΑΙ.
557 1259 723 1320 Πῶς·
712 1299 726 1326 ,

261 1335 378 1401 ΞΕ.

449 1336 516 1394 Ὅ
560 1344 614 1395 τί
658 1360 758 1410 περ
800 1334 873 1394 ἂν
918 1338 1466 1443 κοιν-ῆπροςείπωμεν
1495 1336 1706 1402 κίνησιν
1731 1338 1824 1393 καὶ

134 1420 357 1491 στάσιν,
399 1426 572 1479 τοῦτο
618 1422 908 1496 οὐδέτερον
949 1421 1145 1477 αὐτοῖν
1188 1419 1311 1477 ὀῖόν
1352 1419 1403 1475 τ’
1457 1416 1614 1476 εἶναι.

220 1673 222 1675 »
249 1642 302 1685 Ε.
363 1640 575 1692 πότερα,
604 1638 703 1683 δύο
731 1640 851 1696 γένη
879 1639 998 1683 τινὶ
1028 1638 1203 1692 αὐτὼ]
1252 1640 1342 1683 Pro
1376 1637 1517 1692 αὐτώ,
1551 1638 1664 1692 quo‘d
1694 1640 1823 1681 resti-

135 1701 218 1744 tuit
247 1700 543 1748 Heindortiuffi
577 1701 703 1750 vulgo
740 1698 880 1752 αὐτοῦ
914 1700 1144 1752 legebatur.
1178 1697 1559 1741 .Emendationem
1603 1698 1678 1738 viri
1709 1697 1823 1738 ducti

138 1759 362 1800 confirmat
401 1756 517 1798 Flor.
542 1757 600 1796 .b.
643 1757 682 1796 in
720 1769 804 1809 quo
842 1761 908 1798 est
938 1755 1078 1811 αὐτῷ,
1108 1761 1152 1796 et
1181 1756 1281 1798 Par.
1313 1755 1393 1806 E„
1423 1754 1493 1807 qui
1521 1768 1548 1794 a
1577 1767 1704 1796 manu
1733 1766 1821 1795 sec.

139 1818 347 1870 scriptum
378 1813 548 1856 exhibet
577 1811 708 1868 αιξτώ.
768 1813 851 1854 Alii
887 1813 1003 1865 libri,
1034 1811 1113 1855 sed
1141 1813 1171 1854 ii
1201 1826 1285 1854 non
1315 1812 1461 1864 multi,
1492 1811 1662 1852 ἑαυτοῦ.

139 1997 222 2038 que
251 1995 329 2038 per
364 1992 513 2024 omnes
543 1994 613 2023 res
642 1980 772 2023 veluti
801 1979 947 2023 distri-

140 2044 291 2084 butum
324 2041 407 2091 sit,
438 2039 662 2091 siquidem
705 2051 774 2079 res
824 2050 946 2080 com—

140 2102 284 2153 plures
308 2109 391 2139 non
408 2101 589 2149 possunt
621 2095 800 2137 eaedem
831 2109 942 2137 esse.

142 2157 266 2200 Quae
308 2154 481 2207 quidem
515 2154 655 2194 onmia
691 2153 769 2192 etsi
800 2154 944 2205 paullo

112 2247 114 2251 ,
142 2212 367 2257 obscurius
398 2203 614 2263 disputata
645 2215 769 2260 sunt,
802 2215 945 2250 tamen

125 2270 255 2312 sacili
286 2269 459 2321 negotio
504 2272 605 2320 pot<
611 2264 705 2308 runt
744 2266 947 2307 illustrari

145 2327 342 2378 exemplo
362 2324 563 2366 adhibito.
630 2323 878 2364 ponamus
866 2322 946 2376 lgi-

142 2389 213 2425 tnr
242 2385 384 2423 vivere
417 2382 602 2433 aliquem
627 2381 797 2422 nomine
817 2381 948 2421 Sem-

143 2442 354 2495 monium.
413 2438 456 2479 ls
499 2439 597 2491 quia
627 2451 730 2479 ure
760 2442 847 2487 est
881 2442 948 2479 et·-

143 2501 230 2540 i·un
278 2499 360 2539 τοῦ
410 2497 535 2542 ὄντος
598 2501 664 2537 est
714 2495 943 2549 particeps.

143 2549 296 2596 Eidem
330 2552 458 2593 etiam
489 2553 556 2594 vel
588 2557 723 2593 status
754 2554 822 2593 vel
852 2565 948 2593 1110-

146 2619 217 2654 tus
244 2609 490 2650 tribuendus
523 2614 610 2659 est,
653 2610 849 2661 quoniam
881 2611 949 2650 vel

146 2672 233 2710 stat
264 2667 329 2707 vel
359 2670 580 2715 movetur,
611 2669 741 2718 atque
773 2671 949 2706 eatenus

147 2725 278 2768 etiam
325 2722 467 2763 ideam
518 2727 663 2762 motus
700 2723 767 2763 vel
814 2726 951 2762 status

145 2781 382 2838 participat
443 2777 679 2819 Praeterea
717 2778 787 2820 ille
822 2778 950 2819 etiam

147 2839 262 2881 idem
294 2842 360 2879 est
389 2848 440 2876 ac
468 2847 613 2875 secum
643 2834 736 2888 ipso
769 2846 951 2875 consen-

148 2898 283 2939 tiens·
324 2892 439 2934 unde
478 2892 593 2932 venit
629 2891 669 2931 in
699 2890 952 2931 identitatis

149 2948 505 2995 communionem.
540 2948 731 2999 Denique
747 2947 859 2988 idem
881 2947 952 2988 ille

149 3011 342 3051 diversus
383 3010 449 3047 est
483 3013 508 3046 a
539 3003 668 3046 rebus
696 3007 743 3045 et
772 3002 953 3044 homini-

149 3069 232 3110 bus
275 3064 447 3116 reliquis
486 3061 714 3113 omnibus,
766 3059 951 3113 id'eoque

151 3121 408 3166 diversitatis
434 3132 583 3173 capax.
643 3119 712 3159 Ex
729 3116 790 3158 his
814 3118 951 3158 omni-

150 3183 233 3224 bus
283 3184 426 3220 autem
478 3176 662 3229 denique
720 3174 948 3227 colligitur,

149 3242 347 3281 naturam
391 3233 487 3275 Non
506 3257 527 3264 -
548 3233 654 3275 entis
704 3231 950 3284 neutiquam

150 3295 238 3338 enti
279 3305 375 3334 esse
405 3291 696 3341 contrariam,
722 3292 950 3343 propterea

148 3350 267 3405 quod
287 3362 371 3391 uon
391 3352 570 3400 negetur
600 3359 712 3397 esse,
743 3345 820 3387 sed
851 3358 949 3387 esse

149 3412 316 3452 tautum
348 3405 512 3448 dicatur
544 3402 660 3446 alIud
690 3402 791 3457 quid
819 3406 948 3456 atque

1029 1993 1119 2031 em,
1151 1968 1458 2034 svie'quiddam
1490 1980 1543 2020 ab
1563 1983 1662 2022 ente
1683 1978 1826 2023 diver-

1030 2051 1147 2088 sum,
1193 2042 1289 2090 aut,
1324 2042 1374 2078 ut
1416 2042 1564 2077 nostro
1599 2050 1720 2079 more
1759 2039 1826 2079 lo·-

1029 2108 1160 2147 quar,
1198 2095 1374 2136 relative
1409 2098 1623 2146 negatum.
1685 2094 1830 2148 Veluti

1030 2165 1158 2204 quum
1197 2152 1375 2193 dicimus
1414 2150 1584 2202 „homo
1627 2163 1711 2195 non
1759 2156 1827 2193 est

1030 2209 1200 2250 bestia“
1232 2221 1318 2260 quo
1337 2205 1437 2248 nihil
1471 2207 1586 2249 aliud
1616 2208 1827 2261 significa-

1028 2278 1123 2307 mus
1153 2266 1232 2306 nisi
1261 2265 1475 2307 hominem
1505 2277 1531 2305 a
1562 2265 1702 2308 bestia
1731 2279 1829 2307 esse

1031 2322 1269 2372 diversum,
1317 2323 1378 2362 ita
1418 2326 1466 2362 ut
1500 2321 1630 2376 ipsius
1671 2323 1737 2364 vis
1776 2335 1829 2364 ac

1030 2384 1184 2421 natura
1251 2378 1574 2432 haudquaquam
1640 2381 1826 2421 tollatur.

1032 2436 1122 2478 Sed
1157 2436 1387 2477 redeamus
1424 2436 1510 2477 iam
1551 2435 1604 2476 ad
1638 2438 1730 2477 sinu
1704 2438 1848 2490 ,gulo-⁴

1030 2507 1120 2539 rum
1163 2494 1392 2534 verborum
1429 2506 1479 2533 ac
1510 2495 1829 2564 sententiarum
1862 2523 1868 2533 ,

1030 2551 1439 2604 interpretationem.

1075 2611 1259 2675 glafira
1298 2606 1592 2659 ουδέτερον
1636 2601 1832 2644 αὗτοὶν

1034 2659 1163 2705 οἷόν
1204 2677 1256 2703 τε
1298 2678 1338 2703 ει
1327 2663 1485 2712 ναι.]
1539 2661 1831 2704 Quodcun-

1035 2734 1138 2773 que
1175 2720 1344 2760 motui
1385 2732 1445 2760 ac.
1479 2719 1653 2759 statui
1692 2731 1832 2760 com-

1035 2776 1264 2818 muniter
1305 2780 1553 2831 tanquam
1596 2775 1833 2816 attribu-

1036 2838 1145 2874 tum
1216 2832 1711 2898 assignaverimuS,
1777 2829 1833 2873 id

1035 2902 1134 2930 nec
1166 2892 1343 2929 motus
1381 2889 1498 2942 ipse
1527 2900 1619 2929 nec
1646 2891 1832 2929 status

1037 2946 1295 3000 (ουδέτερον
1335 2943 1519 2998 αὐτοῦ)
1576 2957 1695 2986 esse
1743 2957 1832 2997 po-

1039 3007 1165 3054 test,
1196 3001 1538 3054 quandoquidem
1566 3000 1625 3042 ita
1660 3006 1835 3042 contra-

1034 3061 1192 3100 riorum
1211 3059 1373 3100 tollitur
1389 3059 1514 3101 ratio.
1571 3057 1620 3098 Id
1641 3056 1756 3110 quod
1773 3058 1834 3099 si-

1034 3117 1267 3186 gnificatur
1296 3116 1434 3157 verbis
1466 3114 1692 3168 proximis:
1734 3115 1835 3170 περὶ

1031 3172 1113 3228 γὰρ
1142 3170 1373 3228 ἀμφότερα
1411 3171 1604 3224 θάτερον
1642 3187 1680 3210 κ.
1711 3187 1751 3214 τ.
1789 3172 1829 3212 λ

1034 3243 1216 3284 quorum
1248 3230 1454 3272 sententia
1473 3228 1575 3271 haec
1593 3231 1679 3278 est.
1712 3240 1831 3271 nam

1033 3289 1267 3329 alterum
1299 3299 1484 3329 eorum
1525 3291 1831 3327 utrumcun-

1033 3357 1058 3396 q
1073 3356 1135 3386 ue
1162 3344 1328 3398 (motus
1346 3344 1414 3385 vel
1433 3342 1592 3396 status)
1612 3354 1676 3394 qu
1692 3341 1831 3382 ando

1030 3396 1186 3444 inest
1224 3401 1274 3444 in
1311 3405 1542 3456 utroque
1580 3399 1735 3454 (motu
1762 3397 1862 3441 vol
