2028 3750
230 212 296 261 14
810 202 1325 262 PRoLEGOMENA

228 363 343 403 eum
386 344 594 419 Cyrenis
641 361 668 401 a
717 351 928 401 Platone
974 347 1199 401 studiose
1248 353 1469 401 auditum
1515 345 1689 406 fuisse.
1760 346 1905 405 Hune

226 426 380 490 igitur
420 426 657 472 Socrates
695 424 976 487 interrogat
1018 423 1080 470 de
1120 423 1287 471 indole
1324 425 1714 474 adolescentium
1753 428 1902 475 scho=

226 496 301 545 las
345 496 504 559 ipsius
559 494 935 542 mathematicas
976 493 1417 561 frequentantium.
1492 489 1684 544 handat
1722 488 1902 545 'Pheo-

229 567 381 616 dorus
417 581 536 630 prae
559 565 743 613 ceteris
784 566 1010 613 omnibus
1058 564 1395 613 'l'heaetetum
1434 566 1807 616 adolescentem
1847 575 1903 616 ut

228 638 420 702 optime
469 640 747 694 moratnm5
808 637 994 700 quippe
1054 629 1300 694 docilem,
1361 637 1585 703 discendi
1651 639 1901 703 cupidum»,

228 707 528 773 philosopha
566 711 740 753 natura
775 707 1071 770 praeditum.
1147 698 1349 754 interim
1386 708 1500 770 ipse
1523 707 1676 757 intrat
1699 710 1900 757 Theae*

227 785 380 827 tetus.
476 776 636 836 Quem
688 786 927 840 protenus
988 777 1260 841 compellat
1307 778 1575 835 Socratesq
1628 787 1905 844 magnaque

226 847 373 898 laude
423 846 584 895 afficit
645 854 854 917 propter
901 844 987 908 eu5¹
1037 865 1161 912 quae
1209 850 1356 897 modo
1408 865 1468 896 ex
1520 842 1794 899 Theodoro
1841 851 1905 898 de

227 933 291 969 eo
341 919 638 982 accepisset.
727 920 888 980 Quum
938 935 1057 967 vero
1119 926 1329 984 propter
1391 922 1634 969 scientiae
1693 923 1903 970 maxime

223 993 460 1040 virtutem
510 990 639 1038 bene
685 991 908 1050 audiret,
965 990 1200 1039 Socrates
1239 1003 1354 1039 eum
1389 991 1452 1038 de
1492 992 1735 1040 scientiae
1766 994 1813 1041 vi
1852 1001 1904 1041 et

224 1068 400 1112 natura
447 1062 742 1123 interrogat,
794 1077 1001 1125 eamque
1052 1062 1148 1110 sibi
1197 1061 1257 1110 ab
1309 1077 1370 1109 eo
1419 1063 1524 1111 vult
1572 1063 1810 1128 explicari
1853 1071 1905 1112 ct

225 1133 485 1183 illustrari.

367 1212 539 1279 Itaque
587 1209 902 1265 Theaetetus
948 1209 1349 1283 rei‘pericnlum
1395 1208 1532 1269 facit.
1617 1211 1719 1268 Sed
1757 1229 1906 1284 quum

191 1282 203 1290 χ
225 1283 388 1356 ipsum
415 1290 593 1352 'genus
642 1287 856 1336 notionis
908 1288 954 1336 ei
992 1287 1300 1338 afferendum
1336 1281 1785 1354 illustr-'aridumque
1821 1292 1906 1350 sits,

224 1358 313 1410 ille
349 1361 399 1408 in
435 1369 549 1406 eum
576 1358 824 1407 delabitur
862 1374 1104 1419 errorem,
1142 1365 1196 1408 ut
1234 1359 1453 1425 singulas
1483 1362 1718 1424 quasdam
1742 1363 1905 1411 scien-

223 1432 326 1481 tiae
374 1430 562 1479 formas
613 1440 669 1478 ac
705 1435 889 1494 ⁴partes
924 1438 1220 1490 recenseat,
1258 1427 1306 1480 in
1343 1425 1507 1495 iisque
1544 1432 1702 1496 ipsam
1742 1434 1906 1483 scien·-

225 1503 345 1551 tiam
394 1502 562 1550 inesse
621 1502 871 1566 opinetur.
934 1495 989 1557 1¹,
1043 1501 1157 1550 146.
1210 1500 1250 1551 A
1300 1532 1343 1537 -
1397 1502 1452 1551 C.
1547 1502 1908 1554 Verumtamen

225 1574 290 1622 de
326 1572 502 1620 fraude
541 1572 840 1631 admonitus¹
877 1577 934 1621 ut
970 1572 1124 1621 habet
1157 1574 1408 1638 ingenium
1448 1565 1508 1621 ad
1552 1570 1906 1641 philosophiae

224 1645 554 1694 subtilitatem
607 1644 869 1703 idoneum,
933 1643 1066 1692 ultro
1115 1645 1226 1708 ipse
1276 1645 1588 1709 suspicatur,
1638 1646 1785 1710 quale
1831 1648 1906 1696 -sit

227 1715 360 1780 quod
399 1712 639 1763 Socrates
678 1714 1063 1774 desideraverit3
1095 1715 1228 1779 quod
1267 1717 1463 1780 quidem
1505 1716 1736 1782 exemplo
1774 1726 1906 1782 quo-

224 1788 335 1835 dam
375 1786 687 1851 geometrico
712 1786 968 1835 declarare
1006 1787 1195 1846 studet,
1238 1780 1294 1837 P.
1336 1788 1452 1837 ΗΒ.
1493 1785 1532 1834 D
1574 1807 1646 1823 -’-
1685 1789 1801 1838 148.
1845 1789 1907 1840 D.

223 1856 464 1909 Laetatur
507 1858 745 1906 Socrates
796 1858 978 1921 insigni
1025 1857 1118 1906 hac
1155 1859 1493 1907 adolescentis
1539 1859 1784 1919 sollertia,
1823 1861 1907 1924 qul

228 1934 415 1995 sponte
451 1929 647 1989 videritq
686 1929 967 1993 generalius
1005 1929 1235 1993 quiddam
1283 1930 1346 1978 ad
1383 1930 1621 1978 scientiae
1657 1929 1908 1981 definitio-

220 2015 337 2051 nem
386 2001 605 2064 requiri3
655 2001 888 2064 querenti
935 2007 1102 2048 autem
1152 2000 1226 2049 illi
1274 1999 1338 2047 de
1375 2001 1644 2048 deffiniendi
1681 2000 1907 2050 difficul-
1988 2003 1990 2007 ’

222 2078 330 2122 tate
383 2071 689 2135 respondetq
739 2072 833 2119 hos
885 2087 1000 2120 esse
1050 2070 1377 2135 parturientis
1438 2071 1624 2135 ingenii
1674 2071 1909 2133 dolores;

224 2148 513 2209 opportune
547 2143 701 2206 igitur
748 2142 885 2201 fieri,
924 2146 980 2189 nt
1015 2142 1157 2206 ipse,
1203 2142 1389 2206 quippe
1427 2143 1720 2191 obstetricis
1757 2143 1906 2205 filius,

221 2222 394 2263 artem·
419 2214 599 2277 calleat
636 2213 1007 2273 obstetriciam,
1058 2213 1199 2261 cuius
1241 2228 1339 2276 ope
1386 2229 1446 2261 ex
1482 2214 1692 2261 aliorum
1729 2216 1904 2265 animis

203 2283 576 2348 ⁴interrogando
617 2285 813 2343 eliciat,
852 2298 980 2346 quae
1016 2283 1232 2348 alioquin
1270 2283 1529 2333 difficilius
1566 2285 1750 2350 ingenii
1787 2302 1907 2350 par-

207 2347 276 2406 *tu
315 2355 540 2404 edantur.
582 2355 636 2407 P.
677 2355 793 2403 1480
833 2354 894 2402 Ε.
930 2381 1001 2422 -Τ
1039 2355 1159 2408 151.
1196 2355 1255 2404 1).
1294 2356 1377 2419 qni
1412 2356 1553 2405 locus
1591 2362 1673 2406 est
1702 2357 1903 2422 elegan-

218 2428 459 2478 tissimus.
1714 2443 1718 2451 ¹

362 2525 458 2574 His
496 2522 739 2590 expositis
780 2519 1015 2574 Socrates
1053 2521 1423 2574 adolescentem
1462 2520 1627 2575 denuo
1654 2526 1903 2590 hortatur,

220 2602 294 2658 ut,
333 2594 450 2662 quid
501 2598 710 2646 scientia
748 2597 842 2656 sit,
883 2597 1133 2662 explicare
1172 2602 1400 2654 conetur.
1474 2599 1584 2660 Quo
1620 2596 1757 2647 facto
1797 2606 1902 2648 tres

219 2668 307 2718 ille
358 2669 597 2733 deinceps
649 2669 888 2733 proponit
936 2669 1013 2716 rei
1053 2668 1399 2727 definitiones,
1439 2668 1487 2716 in
1528 2670 1705 2731 quibus
1743 2671 1902 2734 expli-

222 2739 391 2789 candis
431 2746 484 2789 et
519 2736 879 2804 redarguendis
917 2740 1146 2788 universa
1184 2754 1309 2802 quae
1348 2740 1576 2801 sequitur
1627 2741 1902 2804 disputatio

222 2818 465 2876 occupata
514 2814 606 2861 est.
697 2807 915 2859 Primum
967 2811 1096 2859 enim
1149 2811 1407 2859 scientiam
1455 2810 1560 2859 vult
1603 2824 1719 2860 esse·
1763 2827 1902 2860 sen-

222 2897 383 2941 sum3
422 2899 518 2947 quo
554 2880 780 2931 refutato
819 2899 927 2930 eam
972 2879 1306 2946 quaerendam
1343 2896 1458 2929 esse
1496 2886 1674 2931 censet
1710 2884 1766 2932 in
1804 2898 1898 2932 re-

224 2958 326 3000 cta
365 2956 695 3017 opinione3
737 2952 828 3003 sed
866 2954 958 3001 hac
996 2966 1195 3017 quoqne
1234 2949 1488 3001 sententia
1520 2953 1785 3018 repudiata
1810 2950 1898 3002 de-

222 3024 373 3085 niqne
433 3040 493 3070 eo
552 3022 781 3086 devenit5
846 3031 901 3073 nt
954 3040 1061 3073 eam
1110 3025 1244 3072 dicat
1294 3025 1572 3072 consistere
1610 3026 1670 3072 in
1718 3030 1901 3073 recta

225 3095 544 3157 opinione
592 3091 727 3155 μετά
775 3090 972 3161 λόγου,
1024 3097 1157 3160 qnod
1209 3096 1374 3160 ipsum
1411 3100 1708 3144 tamennon
1743 3098 1902 3159 magis

223 3171 369 3214 recte
407 3165 475 3212 ita
510 3167 659 3213 statui
696 3184 723 3214 a
760 3169 970 3216 Socrate
1008 3165 1232 3215 docetur.

367 3264 665 3329 Respondet
702 3266 854 3327 igitur
890 3267 1205 3316 Theaetetus
1245 3248 1488 3328 primum:
1528 3263 1788 3321 scientiam
1826 3266 1901 3316 in-

227 3351 343 3384 esse
388 3336 434 3383 in
487 3351 665 3390 sensu,
715 3338 894 3399 quique
930 3340 1116 3403 aliquid
1155 3337 1385 3386 sensibus
1424 3340 1736 3399 perceperit,
1787 3354 1898 3385 enm

227 3407 361 3457 illius
398 3406 586 3457 habere
611 3407 885 3461 scientiam.
925 3409 981 3464 P.
1024 3409 1138 3460 151.
1175 3409 1235 3458 D.
1272 3407 1334 3456 Ε.
1409 3409 1519 3471 Quo
1555 3416 1766 3474 accepto
1805 3409 1903 3458 So-
