2028 3750
717 220 805 273 AD
845 219 1247 278 SOPHISTAM.
1743 219 1827 271 25

301 365 542 426 Quoniam
589 365 742 429 igitur
787 357 850 413 τὸ
900 357 965 412 ὄν
1016 371 1068 413 et
1111 355 1175 414 τὸ
1211 355 1287 428 μὴ
1331 354 1395 411 ὅν
1430 377 1598 427 parem
1637 361 1827 413 habent

161 434 541 494 dubitationem,
575 451 666 499 age
703 434 1031 500 experiamur,
1069 452 1130 484 an
1167 438 1428 496 utramque
1461 433 1633 481 eadem
1673 450 1829 498 opera

156 507 345 558 ¹tollere
402 523 459 555 ac
507 521 765 555 removere
812 506 1076 569 possimus.
1171 506 1475 567 Quaeramus
1523 520 1674 568 ergo,
1729 505 1829 569 quo

161 587 308 642 pacto
357 578 507 625 liceat
549 593 698 625 unum
744 577 974 639 idemque
1018 576 1193 624 multis
1240 575 1520 622 nominibus
1567 576 1822 638 insignire.

156 647 335 697 >Veluti
372 665 519 712 quum
557 649 718 696 eidem
756 646 942 695 homini
980 649 1267 699 tribuuntur
1304 646 1475 706 color,
1523 646 1829 711 magnitudo,

161 718 346 787 figura,
381 720 617 779 virtutes,
653 719 793 779 vitia,
831 716 942 768 alia.

301 858 513 924 Triplex
561 864 725 920 autem
772 859 856 907 hic
903 858 1127 922 suppetit
1172 858 1316 905 ratio.
1401 857 1504 906 Aut
1549 858 1679 906 enim
1716 857 1831 908 fieri

150 936 258 978 'non
307 938 504 994 potest,
551 936 610 979 ut
657 946 753 978 una
800 929 1070 992 eademque
1115 943 1200 975 res
1238 928 1380 991 plura
1416 945 1473 976 ac
1510 930 1701 977 diversa
1737 929 1829 977 ha·-

160 1000 281 1048 beat
330 1001 567 1049 attributa
612 1005 666 1048 et
709 1000 922 1064 plurium
969 1014 1026 1047 ac
1071 998 1375 1046 diversarum
1413 1000 1634 1049 idearum
1672 999 1830 1062 parti-

163 1086 283 1134 ceps
332 1071 432 1131 sit3
480 1075 566 1119 aut
606 1070 719 1118 fieri
766 1074 964 1135 potest,
1012 1074 1068 1117 ut
1114 1073 1358 1132 quotquot
1405 1075 1521 1117 sunt
1572 1072 1831 1131 attributa,

163 1156 223 1188 ea
261 1142 421 1190 omnia
455 1141 505 1189 in
543 1140 749 1189 eandem
786 1157 895 1189 rem
933 1141 1253 1197 conveniant3
1290 1143 1375 1186 aut
1411 1140 1623 1203 denique
1658 1146 1831 1205 potest

161 1211 300 1272 fieri,
338 1217 395 1261 ut
430 1213 667 1275 quaedam
703 1218 893 1262 tantum
933 1212 1097 1260 eidem
1133 1211 1209 1258 rei
1243 1211 1554 1258 attribuenda
1583 1212 1698 1271 sint,
1735 1212 1832 1259 alia

161 1296 262 1336 non
298 1283 398 1332 sint
433 1282 760 1334 attribuenda.
833 1282 907 1333 Ex
942 1283 1023 1329 his
1060 1282 1272 1352 primum
1309 1297 1367 1328 ac
1403 1281 1675 1330 secundum
1699 1281 1832 1330 falso

155 1354 423 1419 vStatuitur:
470 1354 525 1404 id
573 1353 704 1417 quod
749 1354 991 1402 evincitur
1042 1353 1136 1413 hac
1172 1352 1381 1401 ratione.
1453 1351 1506 1399 Si
1543 1353 1673 1400 enim
1708 1353 1834 1402 nihil

165 1425 430 1488 quidquam
466 1428 577 1479 cum
615 1425 713 1473 ulla
748 1440 803 1471 re
831 1424 1042 1471 haberet
1067 1423 1478 1481 communionem,
1516 1439 1832 1486 consequens

166 1501 332 1555 esset,
369 1500 425 1543 ut
460 1511 552 1543 nec
588 1500 753 1543 motus
789 1500 875 1542 aut
909 1498 1068 1543 status
1103 1509 1223 1541 vere
1259 1508 1372 1542 esse
1404 1500 1604 1557 posset3
1639 1499 1832 1543 utrum-

167 1581 263 1629 que
311 1568 440 1614 enim
489 1566 768 1615 seiunctum
816 1565 952 1614 foret
997 1581 1055 1613 ac
1105 1568 1423 1628 segregatum
1469 1565 1529 1612 ab
1569 1565 1835 1614 existentia

167 1631 375 1703 (εἶναι).
445 1636 520 1685 Ita
553 1637 705 1700 igitur
742 1637 890 1685 etiam
929 1651 1104 1684 eorum
1139 1638 1382 1699 protenus
1430 1635 1838 1687 concideretra-

165 1707 267 1767 tio,
317 1707 402 1770 qui
442 1707 523 1755 vel
566 1722 736 1755 rerum
788 1707 1161 1756 universitatem
1208 1710 1435 1764 movent,
1479 1706 1559 1753 vel
1594 1711 1650 1754 ut
1686 1721 1840 1755 unum

169 1779 380 1836 sistunt,
417 1777 497 1825 vel
538 1779 810 1827 secundum
846 1779 1045 1841 species
1084 1781 1138 1824 et
1176 1775 1362 1836 formas
1390 1777 1724 1826 immutabiles
1750 1792 1840 1825 vo-

168 1847 281 1897 lunt
329 1849 424 1901 sibi
469 1863 671 1914 semper
706 1853 936 1897 constare
973 1853 1026 1896 et
1060 1862 1263 1895 manere
1301 1848 1664 1909 sempiternam,
1735 1846 1840 1900 Ne-

169 1933 268 1982 que
315 1919 522 1976 aliorum
573 1915 990 1983 philosophorum
1026 1918 1332 1977 sententiae,
1380 1918 1442 1965 de
1479 1919 1654 1980 quibus
1693 1922 1841 1969 antea

169 1990 356 2039 mentio
395 1995 474 2043 est
508 1990 716 2051 iniecta,
755 1991 858 2038 ullo
895 1990 1044 2038 modo
1082 1988 1340 2036 habiturae
1387 1993 1558 2036 esseut
1604 2004 1700 2052 quo
1747 1987 1842 2037 de-

169 2059 511 2113 fenderentur.
594 2060 694 2110 Iam
741 2062 783 2109 si
831 2076 1002 2109 verum
1049 2063 1215 2119 esset,
1269 2060 1402 2122 quod
1459 2061 1679 2108 secundo
1726 2058 1842 2108 loco

167 2131 456 2196 posuimuS,
507 2133 670 2182 omnia
716 2131 902 2179 habere
940 2132 1073 2179 inter
1109 2145 1166 2178 se
1203 2130 1592 2178 communicandi
1627 2130 1841 2178 faculta-

168 2209 300 2262 tem,
337 2208 658 2266 sequeretur,
701 2204 833 2266 quod
868 2203 1017 2265 longe
1059 2205 1140 2255 est
1174 2201 1598 2262 absurdissimum,
1634 2207 1693 2249 ut
1727 2215 1836 2248 mo-

168 2278 250 2320 tus
288 2278 449 2321 staret
484 2289 542 2322 ac
575 2274 790 2322 vicissim
827 2278 986 2321 status
1019 2279 1317 2320 moveretur.
1388 2271 1706 2335 Relinquitur
1741 2271 1836 2335 igi-

169 2348 255 2391 tur
291 2345 519 2404 tertium,
557 2349 613 2391 ut
649 2344 741 2392 alia
779 2361 888 2393 cum
927 2345 1036 2392 aliis
1075 2343 1401 2402 commisceri,
1441 2342 1532 2389 alia
1569 2359 1665 2390 non
1701 2358 1837 2391 com-

170 2414 370 2463 misceri
417 2415 741 2463 existimanda
788 2416 902 2465 sint.
984 2414 1128 2476 Quod
1177 2415 1219 2461 si
1254 2413 1322 2460 ita
1360 2417 1471 2473 est,
1513 2413 1686 2462 eadem
1725 2413 1839 2462 fere

170 2484 254 2536 hic
288 2486 417 2537 ratio
456 2487 673 2546 obtinet,
714 2502 838 2550 quae
875 2490 955 2534 est
989 2485 1297 2544 litterarum,
1347 2500 1550 2548 quarum
1601 2484 1726 2533 aliae
1761 2484 1838 2533 in-

172 2561 254 2605 ter
300 2572 356 2604 se
405 2557 698 2617 concinunt,
749 2557 872 2604 aliae
919 2571 1017 2604 non
1067 2557 1340 2604 concinuntss
1412 2555 1839 2615 Quemadmodum

173 2631 340 2675 autem
387 2633 496 2674 arte
543 2628 861 2690 grammatica
905 2643 1030 2691 opus
1079 2631 1184 2685 est,
1243 2630 1300 2673 ut
1349 2632 1489 2673 recte
1539 2626 1838 2684 diudicetur,

174 2711 302 2760 quae
349 2696 551 2744 litterae
599 2698 855 2761 coniungi,
906 2713 1031 2760 quae
1077 2712 1175 2745 non
1225 2697 1454 2759 coniungi
1505 2700 1711 2759 queant3
1768 2696 1840 2742 ita

178 2767 328 2814 etiam
373 2767 647 2830 requiritur
695 2783 773 2814 ars
826 2767 1086 2830 quaedam,
1125 2767 1281 2814 sicubi
1318 2768 1480 2829 agitur
1517 2768 1579 2814 de
1615 2768 1842 2814 idearum

174 2837 534 2885 coniunctione.
618 2836 691 2883 Ea
735 2852 855 2884 vero
906 2842 984 2885 est
1032 2837 1427 2895 dialectica,
1485 2853 1609 2899 quae
1644 2836 1841 2884 illarum

178 2912 232 2956 et
267 2907 657 2956 convenientiam
695 2912 747 2954 et
782 2907 1109 2955 differentiam
1146 2908 1354 2954 rimatur
1391 2923 1446 2955 ac
1483 2908 1608 2955 scite
1645 2906 1841 2955 subtili-

178 2983 359 3042 terque
396 2978 632 3026 diiudicat
669 2975 738 3040 (v.
778 2993 890 3027 ann.
930 2978 990 3024 ad
1028 2993 1075 3040 p.
1112 2976 1235 3027 253.
1274 2976 1374 3041 D.).
1449 2978 1605 3039 Quam
1643 2977 1840 3042 quidem

177 3056 336 3099 artem
390 3050 437 3096 ei
488 3054 674 3098 tantum
726 3054 868 3096 recte
916 3049 1219 3106 tribuemus,
1267 3048 1350 3111 qui
1397 3048 1590 3097 sincere
1638 3054 1690 3097 et
1723 3064 1844 3097 vere

178 3119 577 3186 philosophatur.
649 3118 760 3166 Hoc
796 3119 924 3165 enim
962 3117 1248 3183 philosophi
1283 3134 1458 3167 munus
1494 3135 1608 3168 esse
1643 3121 1844 3168 nomine

181 3206 271 3239 suo
318 3206 436 3237 vere
484 3185 643 3253 digni,
691 3188 955 3253 postmodo
1001 3189 1303 3250 videbimus,
1351 3190 1393 3237 si
1442 3206 1536 3253 qua
1579 3191 1722 3239 nobis
1755 3191 1843 3239 ad*

179 3261 278 3309 huc
323 3261 605 3309 volentibus
652 3260 823 3309 suerit.
894 3259 1005 3308 lloc
1052 3259 1164 3307 loco
1200 3259 1322 3306 illud
1359 3265 1550 3309 tantum
1589 3263 1843 3310 monuisse

180 3332 392 3392 iuvabit,
438 3333 567 3379 inter
616 3330 970 3395 philosophum
1009 3335 1061 3377 et
1098 3330 1370 3394 sophistam
1409 3332 1459 3379 id
1494 3333 1700 3380 maxime
1739 3333 1844 3379 dis-

183 3402 402 3452 criminis
439 3403 778 3463 intercedere,
818 3403 950 3466 quod
987 3401 1212 3468 sophista
1249 3418 1365 3453 sese
1400 3403 1450 3453 iu
1476 3404 1708 3453 tenebras
1736 3402 1845 3451 eius
