2028 3750
5 2675 20 2715 *l

605 230 692 283 An
734 225 1232 291 TIOEAETETUM.
1708 232 1772 288 11

78 357 406 433 'opprobrio
429 374 714 431 ⁸²,erterent
772 389 919 436 quum
980 389 1039 423 ex
1097 374 1258 437 primo
1314 372 1493 422 itinere
1546 387 1779 432 rever-sus

110 439 365 491 doctrinae
401 457 520 490 suae
559 443 728 506 copias
765 459 875 492 cum
906 443 1230 498 familiaribus
1265 460 1321 492 ac
1330 443 1605 526 discipulis
1642 460 1779 492 com-

108 511 360 563 municare
395 513 753 567 constituisset,
827 514 954 576 Quid
990 515 1146 578 igitur
1181 516 1229 568 ei
1264 514 1402 580 prius
1442 521 1494 564 et
1529 515 1780 584 antiquius

110 598 224 629 esse
260 580 462 643 debuit,
509 600 654 646 quam
704 589 760 637 ut
805 585 897 633 has
933 584 1186 636 hominum
1224 581 1578 641 malevolorum
1614 586 1780 634 crimi-

105 651 333 705 nationes
380 654 661 718 repelleret
708 660 857 719 atque
894 655 1184 738 philosophi
1217 657 1266 704 in
1302 672 1471 710 rerum
1507 656 1781 708 divinarum
1849 711 1854 714 .

110 723 531 787 contemplatione
564 727 808 774 ιειειιηιίε
847 726 1140 787 dignitatem
1188 731 1348 790 atque
1385 729 1695 783 maiestatem
1731 727 1782 782 in

108 793 383 843 illustriore
420 794 625 878 qli-adam
661 796 774 843 luce
810 796 1124 844 collocaret?
1198 798 1363 860 Atque
1398 799 1496 847 hoc
1530 799 1694 870 ipsum
1730 797 1784 853 in

113 862 397 913 'lheaeteto
446 867 518 913 sic
555 866 626 913 ab
653 880 716 912 eo
763 865 950 915 factum
1000 882 1113 919 esse
1160 866 1417 936 videmus,
1463 875 1522 922 ut
1579 870 1676 918 hoc
1725 882 1795 916 se

110 933 440 987 defendendi
447 935 724 989 consilium
770 936 1006 1001 singulari
1052 937 1261 1000 quadam
1308 934 1364 986 ac
1411 954 1572 1003 paene
1621 939 1784 987 divina

62 1054 67 1065 f
112 1008 222 1057 arte
265 1020 378 1053 cum
422 1006 640 1054 universi
686 1007 802 1055 libii
847 1009 1112 1072 proposito
1158 1006 1480 1072 copulaverit.
1553 1009 1784 1058 Pertinet

111 1075 244 1129 enim
289 1075 389 1124 huc
438 1056 724 1142 praeclarus
757 1077 859 1127 ille
893 1078 1034 1127 locus
1069 1079 1186 1126 iude
1223 1094 1249 1125 a
1286 1096 1332 1146 p.
1366 1079 1487 1128 172.
1526 1079 1586 1131 C.
1624 1095 1784 1142 usque

110 1146 173 1200 ad
209 1161 258 1218 p.
298 1146 413 1195 177.
444 1146 528 1208 B.,
566 1149 651 1196 ubi
687 1149 817 1199 vitae
854 1149 1010 1198 civilis
1047 1155 1197 1213 atque
1234 1149 1567 1221 philosophae
1605 1150 1783 1199 (liseri-.

109 1231 222 1264 men
259 1217 342 1264 ita
363 1217 702 1280 illustratur,
725 1224 783 1268 ut
819 1226 1002 1291 quanto
1041 1219 1167 1268 haec
1202 1220 1275 1268 illi
1317 1217 1664 1286 anteponenda
1700 1221 1783 1281 sit,

107 1302 206 1342 ιιοιι
251 1288 360 1344 sine
409 1290 614 1352 quadam
666 1285 939 1342 acerbitate
1001 1291 1307 1340 ostendatur
1391 1290 1614 1354 Quocum
1668 1292 1784 1340 loco

110 1358 430 1412 contendisse
452 1361 638 1418 iuvabit
674 1363 823 1410 etiam
857 1362 940 1410 illa
979 1361 1134 1426 Gorg.
1173 1380 1205 1427 p
1260 1363 1378 1410 484.
1417 1363 1494 1424 D.,
1531 1363 1614 1410 uhi
1649 1362 1785 1415 idem

111 1430 372 1493 attingitur
429 1438 791 1496 argumentum.
883 1433 1128 1482 Nimirum
1190 1433 1317 1481 haec
1380 1449 1636 1498 quamnam
1685 1433 1784 1486 vim

109 1498 354 1562 habeant,
403 1501 453 1549 id
502 1502 575 1550 sic
621 1504 839 1558 demum
856 1505 1056 1569 penitus
1093 1505 1460 1569 persentisces,
1509 1506 1595 1553 ubi
1631 1504 1784 1552 talem

111 1569 334 1620 Platonis
388 1571 548 1622 fuisse
607 1579 714 1631 tum
770 1576 1012 1640 temporis
1072 1575 1411 1624 condicionem
1474 1576 1780 1654 memineris,

111 1642 320 1705 qualem
342 1642 505 1693 fuisse
525 1644 760 1694 diximus.
797 1646 1013 1710 alioquin
1050 1651 1189 1694 certe
1228 1661 1287 1694 ea
1322 1649 1443 1695 satis
1480 1635 1692 1709 abrupta
1728 1648 1803 1695 et'

116 1719 321 1779 praeter
354 1714 507 1774 ullam
537 1717 891 1766 necessitatem
927 1717 1011 1766 hic
1046 1717 1292 1768 inculcata
1327 1718 1639 1768 videbuntur.

254 1825 354 1875 Sed
406 1828 641 1890 quoniam
681 1830 839 1877 semel
884 1829 945 1878 ad
990 1830 1165 1883 harum
1215 1846 1384 1879 rerum
1427 1830 1782 1881 tractationem

94 1895 267 1971 *delati
301 1913 499 1959 sumus,
546 1898 629 1951 hic
675 1902 845 1950 statim
894 1900 990 1948 alia
1037 1902 1274 1964 quaedam
1314 1918 1562 1965 exponere
1599 1901 1786 1964 placet,
1824 1935 1826 1940 ι

114 1983 240 2030 quae
277 1968 339 2017 ad
374 1976 719 2033 argumentum
757 1971 1029 2021 Theaeteti
1061 1971 1406 2024 illustrandum
1434 1972 1659 2023 nonnihil
1694 1987 1807 2021 va-

111 2037 260 2089 leant.
1199 2036 1205 2049 ⁸

255 2137 582 2202 Perspicuum
627 2140 781 2224 igitur
827 2141 906 2190 ιεΙ
940 2157 1002 2190 ex
1037 2142 1099 2192 iis
1149 2145 1274 2205 erit,
1325 2160 1450 2208 quae
1497 2142 1646 2191 modo
1686 2142 1787 2190 dis-

117 2209 425 2273 putavimUS,
471 2213 660 2260 versari
707 2219 1051 2284 argumentum
1095 2215 1209 2264 libri
1259 2216 1575 2280 potissimum
1623 2214 1673 2261 in
1710 2228 1786 2271 eo,

115 2285 174 2327 ut
216 2281 476 2338 scientiam
522 2281 763 2348 doceatur
809 2298 906 2334 non
956 2286 1006 2333 in
1052 2286 1169 2335 visis
1218 2292 1303 2335 aut
1350 2286 1577 2336 sensibus
1622 2285 1792 2332 inesse

115 2366 281 2414 neque
309 2367 423 2402 cum
469 2354 713 2417 opinionis
747 2356 1176 2405 verisimilitudine
1225 2373 1339 2406 esse
1376 2356 1791 2408 confundendam.

116 2421 230 2470 Hoc
266 2426 431 2471 autem
468 2422 583 2472 dum
620 2426 825 2490 copiose
863 2416 1215 2491 subtiliterque
1251 2428 1549 2493 explicatur,
1587 2426 1794 2499 egregio

118 2493 330 2541 artificio
369 2493 593 2543 Socratis·
629 2495 693 2543 de
745 2497 956 2546 scientia
993 2499 1293 2578 disputantis
1333 2515 1391 2547 ea
1422 2500 1585 2562 imago
1623 2493 1794 2551 adum-

119 2564 325 2625 bratur,
375 2570 443 2613 ut
487 2566 539 2614 in
586 2567 699 2630 ipso
748 2583 846 2616 non
894 2569 1040 2617 modo
1088 2586 1277 2618 summa
1323 2574 1556 2618 cernatur
1606 2567 1796 2617 sciendi

121 2636 382 2699 cupiditas,
419 2652 545 2699 quae
582 2654 694 2686 eum
733 2654 980 2702 nunquam
1016 2655 1116 2688 ιιοιι
1154 2641 1214 2689 ad
1255 2642 1573 2704 quaestiones
1613 2639 1676 2687 de
1712 2654 1795 2685 re-

124 2706 219 2754 bus
268 2707 330 2755 ad
375 2703 744 2772 philosophiam
797 2713 1160 2773 pertinentibus
1208 2711 1535 2761 instituendas
1573 2708 1800 2773 impellat

128 2771 382 2841 (mnf-P·
422 2778 732 2828 169.A.B.
774 2779 898 2846 C);
951 2783 1043 2831 sed
1093 2784 1240 2830 ctiam
1298 2783 1504 2845 insignis
1561 2779 1798 2842 quaedam

128 2845 336 2904 solertia
386 2851 438 2894 et
484 2847 696 2897 facultas
745 2851 1011 2914 conspicua
1059 2853 1149 2912 sit,
1200 2869 1295 2915 qua
1343 2817 1505 2917 poessit
1542 2850 1800 2898 obvolutas

128 2917 311 2974 mentis
358 2917 559 2974 notitias
611 2933 670 2966 ex
712 2919 923 2983 ingeniis
976 2922 1370 2971 adolescentium
1409 2921 1801 2985 parturientibus

133 2988 319 3039 elicere
357 2994 408 3035 et
450 3003 737 3052 provocare,
810 2990 885 3037 Ex
930 3007 1026 3053 quo
1060 2992 1182 3040 illud
1216 2993 1370 3041 habet
1401 2992 1803 3057 explicationem,

134 3057 417 3122 quodscum
452 3074 545 3123 per
580 3064 741 3107 totum
780 3075 1059 3110 sermonem
1096 3068 1200 3110 tum
1238 3064 1288 3111 in
1325 3064 1441 3111 libri
1471 3062 1674 3111 exordio
1713 3062 1803 3110 ob.-

135 3129 360 3187 stetricia
395 3129 479 3176 illa
521 3129 742 3177 Socratis
796 3147 877 3179 ars
927 3138 979 3180 et
1016 3132 1315 3184 describitur
1349 3134 1716 3199 elegantissime
1753 3137 1806 3180 et

133 3200 402 3264 plurimum
462 3200 754 3250 dilaudatur.
845 3201 1114 3252 Praeterea
1175 3205 1531 3269 philosophum
1594 3204 1807 3252 maxime

139 3271 346 3327 docetur
391 3285 491 3319 non
534 3285 709 3319 curare
754 3289 836 3329 res
887 3273 1057 3323 civiles
1097 3280 1148 3323 ct
1182 3276 1232 3324 in
1268 3276 1438 3325 oculos
1475 3277 1807 3332 incurrentes,

137 3356 299 3405 neque
335 3341 451 3391 ideo
488 3341 730 3405 defugere
766 3344 1029 3407 imperitae
1066 3345 1396 3396 multitudinis
1434 3346 1682 3404 convicia,
1718 3343 1808 3393 sed

137 3412 187 3462 iu
223 3428 390 3463 rerum
427 3429 455 3464 a
493 3414 719 3464 sensibus
766 3414 1084 3473 abducturum
1122 3418 1544 3484 contemplatione
1593 3416 1809 3475 defixum
