2028 3750
214 160 287 216 48
795 156 1318 217 PROLEGOMENA

216 302 666 362 eam‘sent'entiam
701 306 1019 370 adducimur,
1072 313 1131 358 nt
1165 304 1387 359 dicamus
1423 316 1637 361 munere·
1665 325 1756 361 sno
1786 311 1901 363 Pla-

214 389 389 434 tonem
433 382 512 431 his
561 379 757 430 duobus
802 377 1015 445 dialogis
1050 381 1147 429 iam
1185 381 1510 445 perfunctum
1547 396 1711 446 neque
1743 383 1902 434 ullum

215 459 483 521 praeterea
522 451 673 500 alium
707 450 1093 502 desiderandum
1133 466 1264 501 esse.
1336 452 1538 503 Etenim
1577 455 1621 504 si
1653 454 1705 503 in
1744 457 1903 504 omni-

214 527 309 575 bns
359 522 583 573 Platonis
630 521 844 588 dialogis
873 523 1003 572 duae
1037 527 1212 589 partes
1258 523 1623 576 discernendae
1659 529 1776 574 nunt
1810 525 1904 575 be-

120 623 125 628 ·
215 608 381 660 neque
418 588 775 658 seiungendae,
812 594 1030 659 negandi
1065 598 1120 643 et
1157 593 1466 657 affirmandi,
1499 612 1707 661 quarum
1747 597 1905 651 altera

217 669 324 717 sive
360 667 418 714 in‘·
448 665 680 728 vulgares
715 671 967 730 pugnatur
1005 671 1059 715 et
1096 666 1350 716 obsoletas
1372 666 1627 717 hominum
1654 668 1904 730 notioneS,

216 740 321 787 sive
355 738 405 786 in
444 736 787 801 sophistarum
825 735 1087 801 nugatoria
1121 737 1363 799 artificia,
1403 740 1508 788 sive
1546 741 1747 788 omnino
1779 738 1904 788 rest-³

216 812 417 859 ciuntur
453 807 613 857 falsae
649 809 725 856 rei
762 810 1054 873 opiniones;
1091 808 1144 857 in
1176 809 1337 858 altera
1357 823 1477 859 vero
1503 811 1757 860 sententia
1789 811 1905 876 phi—

215 879 419 946 losophi
452 879 702 930 indicatur
739 885 794 931 et
842 882 1042 945 saepius
1079 879 1332 929 levissime
1367 881 1661 932 adumbrata
1695 882 1906 947 argutiis

215 954 330 1002 istis
379 951 685 1017 opponitur,
732 950 785 1000 in
830 951 1072 1016 Sophiste
1126 956 1180 1001 et
1223 951 1470 1013 Politico,
1533 968 1662 1019 quae
1708 953 1776 1002 sit
1819 952 1907 1003 illa

216 1023 434 1089 negandi
476 1028 624 1089 pars,
670 1021 937 1073 ridiculum
980 1021 1216 1088 profecto
1264 1029 1405 1073 esset
1451 1026 1504 1074 in
1538 1025 1776 1074 iudicium
1810 1039 1905 1075 vo-

218 1111 353 1157 care,
391 1095 620 1159 quoniam
657 1094 727 1146 ins
747 1110 808 1144 ea
841 1095 955 1159 ipsa
988 1109 1154 1160 prope
1189 1098 1299 1145 tota
1333 1101 1564 1145 versatur
1601 1097 1903 1161 disquisitio.

216 1166 343 1216 Nam
383 1182 497 1215 eum
530 1164 734 1214 Politici
771 1165 921 1216 cardo
966 1165 1018 1213 in
1057 1180 1119 1214 eo
1155 1166 1224 1215 sit
1256 1168 1484 1231 positus,
1530 1172 1588 1218 ut
1623 1167 1782 1218 falsus
1814 1168 1905 1218 ille

204 1239 499 1303 'sophistam
546 1236 785 1287 redolens
847 1236 1084 1303 politicus
1129 1248 1159 1302 a
1203 1250 1327 1286 vero
1372 1237 1698 1304 seiungatur,
1752 1236 1905 1304 longe

219 1315 384 1360 antem
427 1308 630 1357 minima
676 1307 1032 1375 disputationis
1075 1323 1193 1374 pars
1230 1307 1296 1358 de
1332 1323 1393 1359 eo
1429 1309 1542 1374 ipso
1582 1315 1636 1360 et
1670 1310 1779 1360 eius
1814 1314 1904 1361 lia-

217 1389 332 1431 tura
377 1384 522 1445 agat,
567 1377 618 1428 in
666 1378 910 1445 Sophiste
951 1380 1077 1428 item
1121 1379 1282 1429 multo
1331 1383 1491 1447 magis
1540 1380 1591 1431 id
1628 1387 1904 1448 spectatur,

219 1454 338 1518 qnid
377 1448 679 1502 discriminis
716 1451 918 1500 intersit
951 1450 1088 1500 inter
1123 1450 1405 1515 sophistam
1444 1457 1498 1503 et
1532 1451 1906 1518 philosophum,

219 1539 364 1590 quam
413 1535 540 1588 qnae
582 1522 652 1572 sit
692 1521 854 1585 ipsius
914 1520 1178 1587 sophistae
1229 1520 1442 1572 indoles.
1525 1520 1600 1573 Ut
1631 1522 1803 1589 igitur
1853 1525 1908 1575 in

216 1596 435 1646 Pontico
480 1594 544 1642 de
590 1593 782 1643 duabus
835 1592 936 1644 illis
992 1592 1282 1644 notionibus
1327 1595 1434 1645 veri
1469 1598 1522 1645 et
1558 1594 1678 1646 falsi
1710 1595 1907 1659 politici

217 1683 316 1718 nna
352 1666 637 1731 disquisitio
675 1666 810 1714 facta
846 1669 943 1726 est,
981 1670 1036 1715 et
1072 1665 1261 1716 idcirco
1299 1667 1450 1716 etiam
1488 1665 1639 1717 alium
1661 1666 1908 1732 quendam

217 1752 529 1799 sermonem,
568 1751 694 1802 quo,
733 1750 845 1786 cum
879 1737 979 1786 hoe
1016 1736 1080 1787 de
1113 1752 1237 1786 vero
1271 1737 1481 1801 politico
1516 1743 1685 1789 actum
1721 1739 1805 1801 sit,
1841 1739 1908 1789 de

217 1811 348 1860 falso
382 1810 480 1858 iam
505 1813 858 1873 exponeretur,
894 1807 1186 1858 desiderare
1211 1808 1432 1859 alienum
1455 1815 1621 1870 essetg
1659 1811 1733 1860 sic
1757 1811 1910 1863 etiam

217 1881 508 1947 SophisteS,
546 1881 776 1946 quoniam
816 1884 869 1930 et
905 1880 1018 1945 ipse
1053 1894 1228 1930 verum
1265 1885 1318 1931 et
1345 1880 1525 1931 falsum
1549 1879 1909 1948 philosophum

214 1949 518 2019 pertractat,
568 1950 809 2002 dicendus
864 1957 944 2001 est
992 1966 1189 2000 omnem
1225 1953 1290 2002 de
1327 1950 1630 2017 philosopho
1682 1951 1908 2017 disputa·

216 2029 408 2075 tionem
458 2020 779 2087 anticipasse.
795 2024 828 2051 ‘⁸
910 2020 986 2073 Ita
1029 2023 1186 2089 igitur
1218 2022 1576 2074 Hei-telins
1624 2024 1722 2075 sibi
1767 2024 1908 2074 vide-

217 2104 303 2146 tnr
338 2094 731 2162 argumentando
769 2092 1032 2156 effecisse,
1077 2100 1166 2155 ut,
1213 2095 1257 2145 si
1301 2094 1594 2160 philosophi
1638 2095 1922 2161 imaginem
2004 2138 2009 2141 e

223 2169 463 2218 exhibere
497 2166 643 2216 Plato
682 2165 780 2216 sibi
814 2164 1195 2231 proposuisset,
1239 2164 1375 2215 idem
1419 2168 1526 2216 veri
1559 2166 1755 2231 politici
1791 2183 1929 2232 spe-¹

224 2241 353 2289 ciem
402 2243 456 2288 et
500 2237 717 2287 formam
771 2237 1159 2288 adumbratums
1207 2234 1368 2287 fuisse
1414 2237 1773 2288 existimandus
1823 2239 1909 2293 sit.

222 2313 365 2373 Quae
411 2324 559 2374 quam
604 2308 760 2358 fallax
806 2308 876 2359 sit
933 2309 1326 2373 argumentatio,
1384 2309 1618 2360 nolumus
1663 2323 1796 2360 nunc
1844 2324 1911 2362 ex

220 2385 334 2446 ipso
383 2380 647 2444 utriusque
691 2379 809 2428 libri
859 2385 1153 2444 argumento
1204 2377 1566 2444 demonstrare.
1638 2379 1773 2430 Satis
1810 2382 1911 2430 erit

221 2452 582 2519 significavisse
624 2451 789 2514 ipsum
836 2449 1099 2501 Platonem
1151 2450 1449 2515 promisisse
1503 2451 1704 2515 saepius
1742 2451 1909 2516 philo-

223 2524 373 2587 sophi
420 2522 879 2583 adumbrationem,
930 2519 1127 2586 politici
1188 2523 1298 2572 veri
1354 2520 1755 2587 designationem
1806 2539 1910 2575 non

218 2594 530 2660 promisisse.
599 2591 813 2643 Accedit
848 2593 981 2657 qnod
1019 2609 1169 2644 nemo
1212 2594 1331 2644 dum
1370 2594 1563 2656 extitit,
1615 2595 1700 2660 qui
1733 2594 1908 2659 politi-

221 2683 332 2716 cum
378 2664 664 2729 perfectum
713 2663 1045 2715 contenderet
1091 2664 1194 2715 isto
1241 2665 1391 2715 modo
1435 2670 1617 2728 postea
1666 2664 1831 2715 fuisse
1878 2681 1919 2730 a*

219 2739 433 2788 Platone
483 2737 823 2800 descriptum,
883 2751 981 2801 quo
1027 2733 1386 2801 philosophum
1435 2737 1485 2786 in
1531 2736 1807 2787 Phaedone
1855 2740 1910 2786 et

224 2809 492 2876 Symposio
527 2807 804 2857 exhibitum
828 2822 943 2857 esse
979 2824 1091 2858 cum
1129 2807 1754 2858 Schleiermachero
1789 2823 1910 2858 cen-

225 2884 326 2930 suit
370 2878 743 2929 Hei-telins:
795 2879 930 2944 quod
977 2884 1173 2941 tamen,
1224 2879 1269 2930 si
1316 2877 1648 2944 philosophus
1687 2879 1784 2929 sibi
1818 2894 1908 2928 vo-

222 2951 404 3000 luisset
442 2954 703 3011 constare,
749 2952 928 3015 utique
966 2950 1139 3009 facere
1175 2951 1453 3001 debuisset.
1524 2949 1639 3000 Hoc
1674 2964 1774 3000 uno
1808 2950 1909 3016 igi-

220 3027 305 3070 tur
341 3027 634 3086 argumento
670 3025 829 3071 totam
864 3021 998 3071 illius
1031 3022 1300 3072 concidere
1334 3021 1766 3070 ratiocinationem
1801 3035 1907 3069 ma-

220 3092 461 3141 nifestum
493 3098 586 3142 est.
663 3092 766 3144 Sed
790 3093 1064 3154 videamus,
1104 3094 1222 3158 quid
1259 3092 1607 3142 Hertelius
1643 3096 1907 3157 praeterea

220 3164 274 3212 in
322 3165 537 3212 medium
597 3165 840 3214 attulerit.
925 3163 1116 3214 Censet
1161 3165 1319 3232 igitur
1369 3162 1569 3213 Platoni
1623 3177 1722 3212 non
1779 3176 1907 3226 opus

221 3234 412 3295 fuisse,
472 3239 530 3283 ut
586 3234 878 3302 philosophi
936 3233 1152 3285 formam
1213 3249 1271 3285 ac
1317 3236 1541 3301 speciem
1593 3233 1904 3284 informaret.

221 3304 292 3355 Et
325 3311 492 3354 tamen
528 3304 579 3352 id
602 3306 765 3367 ipsum
790 3308 851 3357 ab
881 3321 942 3355 eo
969 3306 1159 3356 factum
1179 3321 1295 3356 esse
1321 3305 1613 3370 gravissime
1637 3308 1906 3359 asseverat.

225 3375 487 3440 Quomodo
546 3375 790 3426 taudem?
883 3378 1155 3430 Audiamus
1219 3392 1396 3429 rursus
1466 3377 1645 3442 ipsum.
1719 3373 1907 3440 Pergit
