2028 3750
262 217 334 266 w
840 181 842 186 ’
892 187 1308 266 ram-ouis

391 355 527 422 ΞΕ.
593 355 671 414 Τὸ
713 361 828 430 μέν,
870 354 960 414 ὅτι
999 359 1133 426 πᾶν,
1177 354 1316 414 ὅσον
1355 353 1429 412 ἂν
1471 363 1626 414 ἕνεκα
1668 358 1943 428 κωλύσεως
1982 398 1987 401 -

172 468 214 519 Ο
264 442 411 521 εἴργῃ
453 464 507 497 τι
549 445 826 516 περιέχον,
866 447 1026 514 ἕρκος
1067 438 1208 508 εἰκὸς
1238 439 1546 515 ὀνομάζειν.

385 526 590 582 ΘΕ.ΑΙ
674 523 846 580 Πάνυ
885 528 988 598 μὲν
1031 546 1151 584 ουν.

384 607 499 671 ΞΕ.
582 605 842 683 Κύρτους
896 607 964 677 δη
1021 613 1114 673 καὶ
1173 613 1366 666 δίκτυα
1419 612 1512 665 καὶ
1539 607 1795 682 βρόχους
1850 614 1942 667 καὶ

257 691 505 768 πόρκους
546 689 747 748 καὶτὰ
790 697 1027 750 τοιαῦτα
1067 696 1188 768 μῶν
1229 691 1368 750 ἄλλο
1413 715 1467 748 τι
1509 692 1656 762 πλὴν
1686 701 1813 770 ἕρκη
1833 692 1940 770 χρὴ

257 775 688 852 προςαγορεύειν
706 801 731 846 ,··

383 864 591 920 ΘΕΑΙ.
679 860 870 918 Οὐδέν.

382 942 497 1008 ΞΕ.
588 949 768 1002 Τοῦτο
811 947 913 1016 μὲν
953 940 1067 1017 ἄρα
1112 943 1495 1023 ἑρκοθὴρικὸν.
1529 948 1630 1015 τῆς
1670 941 1939 1022 ἅγραςτό

254 1035 416 1108 μέρος
461 1029 742 1106 φήσομεν,
783 1026 819 1098 ἢ
865 1050 919 1085 τι
961 1033 1238 1088 τοιοῦτον.

387 1118 594 1171 ΘΕΑΙ.
677 1117 812 1169 Ναί.

381 1196 496 1261 ΞΕ.
589 1193 668 1253 Τὸ
713 1200 770 1253 δὲ
812 1195 1128 1271 ἀγκίστροις
1169 1200 1263 1254 καὶ
1303 1190 1584 1274 τῇιόδουσι
1627 1202 1805 1278 πληγῇ
1848 1222 1942 1270 γι-

252 1281 526 1358 γνόμενον
567 1288 756 1358 ἕτερον
794 1285 897 1355 μὲν
938 1285 1173 1350 ἐκείνου,
1216 1282 1518 1353 πληκτικὴν
1561 1287 1617 1340 δέ
1656 1306 1784 1341 τινα
1826 1280 1941 1352 θή-

371 1504 421 1548 C.
483 1500 689 1556 Ου’δέν]
731 1501 835 1545 ἄλλο
875 1506 976 1559 post
1015 1499 1142 1546 οῦδὲν
1178 1505 1308 1558 vulgo
1345 1502 1536 1547 additum
1568 1517 1654 1548 om.
1683 1504 1810 1549 Bodl.
1842 1505 1938 1550 Vat.

242 1564 361 1618 Neu.
395 1561 457 1604 Π.
488 1562 547 1604 Et
575 1561 743 1603 videtur
772 1575 873 1603 sane
903 1561 1070 1603 aliunde
1100 1561 1332 1603 invectum.

371 1621 426 1663 D.
485 1618 513 1674 ἢ
542 1621 599 1661 τί
625 1635 708 1669 τις
737 1615 825 1673 ἄν,
856 1619 1158 1674 &eal-rnre]
1197 1618 1332 1662 Editt.
1373 1610 1409 1662 ὦ
1435 1623 1535 1662 ante
1570 1618 1779 1674 Θεάΐτητε
1808 1619 1941 1663 inter-

254 1803 355 1834 non
395 1789 582 1832 addito
622 1790 769 1840 ictu,
805 1787 939 1830 nihil
971 1800 1053 1830 ca·-

291 1850 422 1890 iant.
489 1847 581 1889 Nos
624 1843 790 1887 αὗτόθι
832 1858 911 1899 pro
948 1859 1052 1887 vero

252 1863 475 1958 Habemus,
494 1904 702 1957 siquidem
721 1903 932 1945 sententia
954 1917 1053 1945 ver-

254 1964 409 2006 borum
447 1962 552 2004 haec
604 1966 694 2004 est:
762 1961 869 2002 Aut
915 1960 1051 2002 solis

255 2019 582 2063 retinaculis
612 2017 805 2060 statim
835 2021 885 2059 ct
914 2031 936 2059 e
964 2031 1052 2059 ve-

253 2077 436 2132 stigio
509 2076 738 2131 perficit
808 2076 1052 2116 venatio-

253 2148 400 2188 nem,
445 2139 534 2176 aut
561 2135 696 2185 ictu,
741 2133 926 2186 ideoque
956 2132 1058 2173 viri-

253 2194 335 2235 bus
395 2191 586 2233 humanis
633 2203 717 2232 una
765 2190 1052 2244 operantibus.

254 2249 385 2294 Quod
422 2249 562 2303 ipsum
609 2249 881 2290 confirmatur
925 2247 1054 2288 etiam

251 2309 349 2349 loco
391 2305 430 2346 L
413 2320 530 2359 Aegg.
571 2305 665 2348 VII.
707 2318 750 2359 p.
784 2309 881 2345 823.
914 2302 967 2348 E.
999 2304 1054 2345 ab

252 2362 592 2405 Heindorfio
653 2366 926 2415 comparato,
981 2361 1054 2402 ubi

255 2424 456 2489 captura,
475 2431 596 2484 quae
625 2416 794 2471 κύρτοις
821 2418 1052 2473 peragitur,

219 2474 226 2487 '
251 2474 388 2533 ἀργὸς
418 2470 543 2529 θήρα
574 2478 822 2541 appellatur.

313 2534 364 2576 C.
439 2531 689 2598 Κύρτοις
741 2527 803 2584 δὴ
845 2529 936 2572 καὶ
977 2531 1053 2571 δι-

254 2605 391 2634 κτυα
423 2594 507 2639 -]
573 2587 744 2642 Κίρτος
776 2593 844 2631 est
873 2601 1050 2639 nassa,

255 2649 297 2692 h
349 2662 388 2692 e.
435 2648 596 2688 fiscella
643 2647 821 2688 viminea
869 2636 1052 2699 angusto

257 2707 369 2748 collo
400 2704 524 2759 (die
553 2703 934 2758 Fischreuse).
978 2715 1053 2743 cu-

255 2764 320 2806 ius
339 2762 474 2804 deseri
507 2762 668 2803 tionem
690 2761 809 2803 dedit
826 2759 960 2814 Oppi
975 2773 1050 2801 an.

255 2821 446 2863 Halieut.
490 2819 541 2862 II.
566 2822 644 2859 341
680 2831 770 2872 sqq.
805 2822 849 2860 et
879 2817 1056 2859 Silius

256 2878 380 2920 Ital.
412 2877 464 2919 V.
485 2889 526 2920 v.
549 2881 603 2916 47
626 2890 716 2929 sqq.
747 2875 821 2916 ubi
849 2887 891 2918 v.
920 2874 1053 2928 intpp:

255 2935 379 2976 Idem
420 2934 699 2987 Op‘pianus
737 2933 866 2975 etiam
897 2931 951 2972 de
982 2945 1057 2973 va-

256 2992 330 3032 riis
360 2991 511 3033 retium
544 2991 769 3044 generibus
800 2991 887 3044 agit
915 2989 988 3031 ΙΙΙ.
1015 3002 1065 3031 ν.

258 3052 310 3087 81
347 3061 436 3101 sqq.
486 3049 552 3089 De
574 3045 753 3102 βρόχοις
781 3060 816 3089 s.
846 3046 1059 3099 laqueis

258 3105 455 3146 dixerunt
492 3106 626 3159 intpp.
662 3105 717 3146 ad
748 3104 930 3146 Gratii
960 3102 1056 3144 Fa-

258 3162 376 3202 lisci
412 3161 571 3215 Cyneg.
604 3167 747 3206 v.-28.
776 3175 884 3215 quos
908 3160 1055 3203 lauda-

258 3217 319 3258 vit
357 3217 646 3261 Heindorfius.
727 3219 841 3263 Quid
894 3215 1056 3273 πόρκος

260 3273 342 3323 sit,
383 3274 461 3326 ipsi
506 3275 784 3318 Grammatici
824 3275 1054 3328 ambigunt.

260 3329 322 3371 Ti
342 3343 382 3370 m
396 3342 545 3399 aeus:
578 3331 768 3400 ΙΙόρκος,
788 3331 939 3389 κὺρτος
940 3310 1056 3371 ὃθα·-

241 3383 460 3439 -λάσσιος,
517 3384 539 3426 ὅ
590 3390 647 3435 εἰς
695 3405 833 3443 αγραν
878 3385 1058 3440 ἰχθύων.

261 3444 433 3498 Etym.
474 3442 536 3487 M.
574 3450 618 3487 et
669 3446 875 3488 suidas
924 3446 967 3487 in
1015 3459 1058 3488 v.

1135 1784 1341 1843 Πόρκοςτ
1371 1788 1417 1829 οἱ
1446 1789 1538 1842 μὲν
1551 1783 1737 1858 πόρκιον
1769 1787 1942 1830 δίκτυον

1135 1844 1368 1887 ἀπέδωκαν.
1409 1844 1485 1886 οὐκ
1523 1861 1583 1886 ει.
1626 1848 1715 1887 ἔστι
1743 1846 1787 1886 δὲ
1819 1859 1943 1898 σχοι-

1134 1904 1228 1945 νίου
1256 1905 1439 1956 πλέγμα.
1481 1905 1524 1943 οἱ
1554 1904 1596 1944 δὲ
1626 1899 1804 1957 κύρτον·
1842 1918 1891 1942 οι
1877 1899 1938 1944 δὲ

1135 1957 1192 2003 οὗ
1195 1976 1264 2002 τοι
1292 1958 1430 2014 ὑγιῶς.
1464 1956 1487 2001 ὅ
1520 1961 1607 2029 γάρ
1634 1942 1818 2002 Πλάτων
1849 1959 1939 2000 ἐτε-

1136 2016 1214 2086 ρόν
1253 2031 1380 2073 φησιν
1418 2019 1525 2058 εἶναι
1561 2015 1640 2058 τὸν
1677 2015 1831 2072 κύρτον
1862 2017 1942 2059 ’τοῦ

1133 2072 1323 2128 πόρκου,
1351 2077 1394 2115 ἐν
1428 2072 1628 2146 Σοφιστῆ
1652 2074 1807 2128 λέγων,
1837 2071 1939 2130 κύρ-

1143 2148 1246 2179 τοις
1282 2128 1332 2185 δὴ
1371 2128 1442 2172 καὶ
1472 2119 1620 2172 δίκτυα
1652 2132 1722 2172 καὶ
1747 2129 1939 2200 βρόχους

1140 2190 1212 2231 καὶ
1241 2187 1391 2244 πόρκο
1396 2203 1428 2234 ς
1456 2187 1526 2228 καὶ
1555 2186 1611 2228 τὰ
1638 2189 1834 2241 τοιαῦτα,
1862 2185 1940 2230 οὐκ

1140 2245 1245 2287 αλλο
1282 2261 1326 2286 τι
1361 2242 1474 2298 πλὴν
1505 2244 1599 2300 ἕρκη
1628 2245 1695 2286 δεῖ
1723 2259 1940 2300 προςαγο-

1141 2301 1293 2358 qaam.
1366 2302 1575 2344 Fortasse
1636 2299 1798 2358 πόρκοι
1842 2307 1942 2345 sunt

1139 2374 1293 2403 nassae
1311 2361 1512 2412 minores,
1545 2373 1599 2401 ex
1628 2361 1765 2402 iuncis
1783 2361 1938 2413 factae,

1107 2416 1248 2472 'quae
1291 2423 1338 2459 ut
1376 2418 1458 2459 rite
1506 2417 1794 2469 sinuarentur,
1844 2418 1938 2459 aliis

1098 2474 1599 2516 .iuncisintexebantur.
1660 2475 1822 2518 Quales
1838 2488 1938 2515 nas-
1988 2472 1995 2477 Χ

1137 2545 1212 2574 sae
1251 2531 1620 2572 a'Tlleocrito
1660 2531 1781 2584 ldyll.
1814 2531 1936 2576 XXI.

1136 2602 1177 2634 v,
1221 2591 1288 2631 ll.
1327 2592 1533 2629 vocantur
1573 2588 1615 2628 ἐκ
1656 2590 1832 2639 σχοίνων
1861 2590 1938 2628 λα-

1137 2642 1360 2701 βύρινθοι.
1429 2643 1559 2687 Quod
1600 2644 1636 2685 si
1675 2658 1823 2687 verum
1844 2650 1937 2696 ρετ,

1135 2704 1261 2745 facile
1291 2703 1401 2744 inter
1431 2715 1478 2742 se
1509 2702 1720 2744 conciliari
1738 2708 1939 2758 poterunt

1137 2760 1279 2803 variae
1337 2759 1725 2801 Grammaticorum
1773 2761 1938 2814 opinio-
2015 2800 2024 2811 x

1140 2831 1232 2860 nes.
1253 2838 1309 2848 —
1365 2815 1548 2857 καὶτὰ
1579 2814 1937 2870 τοιαῦτα,’νθ-

1139 2875 1216 2918 luti
1272 2875 1552 2915 instrumenta
1594 2873 1664 2915 illa
1710 2873 1788 2927 (τά
1843 2878 1939 2914 ταῖν

1139 2936 1299 2986 χειροῖν
1341 2927 1634 2982 ἀθλήματα),
1671 2943 1783 2984 quae
1826 2930 1938 2985 apud

1140 2988 1502 3031 Theocritum
1531 2987 1651 3039 Idyll.
1690 2987 1808 3029 ΧΧΙ.
1838 3001 1878 3031 ν.
1912 2992 1937 3026 9

1105 3060 1231 3100 ,sqq
1264 3045 1485 3099 Oppian.
1516 3044 1617 3086 Hal.
1651 3045 1722 3086 111.
1759 3047 1813 3084 ’15
1843 3057 1934 3098 sqq.

1143 3109 1187 3146 et
1233 3101 1493 3143 Artemid.
1545 3101 1691 3143 Oneir.
1740 3102 1794 3145 Π.
1850 3105 1936 3154 14.,

1138 3159 1379 3213 singulatim
1410 3164 1698 3200 recensentur.

1194 3215 1252 3256 τὸ
1285 3217 1339 3257 δὲ
1368 3211 1679 3279 αγκίστροις
1707 3212 1795 3255 καὶ
1822 3231 1936 3268 τρι..

1139 3271 1333 3314 όδουσι
1389 3268 1560 3328 πληγῇ
1618 3275 1782 3326 γιγν.]
1868 3270 1932 3315 Ίά

1138 3344 1344 3386 αγκιστρα
1406 3329 1594 3383 (hami,
1656 3330 1933 3381 Angelha-

1131 3388 1263 3441 ken)
1286 3390 1576 3429 memorantur
1592 3385 1693 3426 item
1714 3400 1737 3427 a
1760 3386 1834 3427 Th
1849 3400 1932 3428 eo-

1141 3445 1283 3488 crito
1312 3445 1341 3486 l
1371 3456 1406 3485 c.
1431 3441 1722 3484 describuntur
1751 3444 1804 3485 ab
1835 3445 1933 3498 Op-
