2028 3750
196 204 268 257 34
614 203 617 204 ⁷
779 200 1304 269 RROLEGOMENA
1478 243 1498 268 s
1534 243 1544 262 1

200 362 344 409 men,
379 351 438 398 ut
484 352 565 397 est
612 347 774 396 minus
820 349 975 394 tenax
1026 343 1230 393 scholae
1269 344 1588 410 opinionum,
1623 345 1695 395 ita
1729 345 1883 395 etiam

198 420 252 469 in
301 418 596 469 disserendo
641 412 853 467 subinde
899 420 979 464 est
1026 415 1297 465 liberalior.
1380 414 1439 465 Id
1488 414 1619 480 quod
1669 418 1884 469 maxime

199 495 412 556 apparet
448 506 510 538 eo
546 488 678 546 loco,
715 485 803 536 ubi
837 485 902 535 de
938 488 1068 536 entis
1107 491 1161 536 et
1195 487 1471 536 non-entis
1506 490 1685 535 natura
1721 488 1885 552 deque

200 562 390 610 erroris
445 565 498 608 et
542 557 734 607 fraudis
789 556 1018 607 fontibus
1066 553 1370 622 disputatur.
1457 557 1534 607 Ibi
1595 558 1729 609 enim
1785 573 1885 607 nou

198 632 351 680 modo
398 630 740 679 Eleaticorum
798 629 1100 679 sententiam
1158 629 1442 693 impugnat,
1500 643 1675 678 verum
1735 629 1887 678 etiam

200 700 591 767 argutumsillud
630 701 985 765 concisumque
1023 701 1304 749 disserendi
1339 714 1499 764 genus
1536 701 1610 748 ita
1645 715 1886 764 asperna-

199 777 313 833 tur,
359 777 417 821 ut
451 771 533 820 vel
567 771 856 836 imprudens
893 787 1158 836 germanus
1195 771 1362 819 factus
1397 770 1886 820 videaturffSocrati-

200 859 304 894 cus,
375 841 646 891 Enimvero
700 843 771 891 ita
805 842 903 892 hoc
939 857 1037 891 uuo
1079 841 1307 907 exemplo
1345 841 1887 907 clarissime'apparet,
1932 891 1934 894 .

202 918 388 980 quanto
424 913 777 978 praestabilior
815 915 884 962 sit
919 913 1172 962 Socratica
1210 929 1353 976 quam
1391 919 1568 977 arguta
1602 913 1687 962 illa
1723 913 1886 963 disse-

199 985 345 1035 rendi
379 985 539 1047 rati0,
577 1001 720 1047 quam
759 986 1066 1048 usurpabant
1101 983 1322 1033 Eristici.
1392 982 1535 1033 Haec
1582 985 1742 1045 enim,
1789 983 1888 1033 etsi

199 1057 362 1106 nullas
401 1072 502 1106 non
538 1056 743 1104 adhibet
779 1060 943 1116 artes,
985 1055 1163 1118 quibus
1203 1054 1475 1120 Sophistae
1510 1055 1584 1103 vis
1622 1061 1675 1104 et
1709 1060 1887 1105 natura

200 1124 520 1187 declaretur,
573 1132 740 1175 tamen
776 1142 936 1191 usque
971 1126 1152 1174 haeret
1187 1125 1236 1174 in
1273 1126 1426 1174 rebus
1465 1125 1687 1175 fortuitis
1724 1141 1888 1189 neque

203 1199 420 1262 exquirit
459 1197 539 1258 id,
591 1197 724 1262 quod
762 1198 822 1245 ad
859 1213 1031 1246 verum
1070 1196 1425 1262 reperiendum
1458 1212 1518 1245 re
1553 1213 1670 1245 vera
1704 1199 1887 1248 valeat.

201 1270 539 1333 Quamobrem
576 1285 604 1318 a
638 1269 852 1317 Platone
895 1268 1288 1332 prudentissime
1334 1267 1404 1316 ibi
1452 1268 1749 1328 adhibetur,
1798 1268 1886 1316 ubi

203 1356 332 1405 quae
366 1340 579 1388 ridicula
615 1344 732 1388 snut
770 1339 834 1387 de
862 1337 1115 1403 sophistis
1167 1338 1415 1399 dicuntur,
1450 1339 1606 1388 veluti
1641 1355 1758 1388 esse
1796 1354 1887 1388 eos

199 1415 554 1460 venatores
599 1409 867 1474 quosdam3
918 1410 1290 1472 disciplinarum
1335 1409 1616 1474 artiumque
1654 1425 1889 1475 caupo-

199 1498 346 1543 nes,
393 1487 446 1530 et
493 1481 614 1531 artis
665 1481 914 1528 oratoriae
954 1481 1275 1539 athletas;
1329 1481 1509 1544 quodsi
1543 1496 1663 1529 vero
1701 1481 1888 1544 aliquid

201 1554 324 1617 serii
361 1553 426 1601 de
460 1552 522 1601 iis
550 1552 885 1617 praedicatur,
922 1550 1081 1599 veluti
1120 1567 1234 1600 esse
1260 1550 1376 1599 illos
1414 1567 1714 1601 vanarum
1750 1553 1888 1617 opi-

200 1625 462 1674 nionnm
499 1627 925 1688 purgatores,
961 1626 1065 1671 tam
1101 1622 1155 1672 id
1191 1637 1309 1670 casu
1345 1621 1533 1671 factum
1568 1623 1793 1683 videtur,
1832 1626 1889 1671 nt

199 1692 302 1761 ipsi
347 1694 661 1758 disputantes
705 1693 889 1742 iudicio
939 1709 1031 1742 suo
1081 1693 1325 1742 diffidant.
1421 1692 1891 1747 Socraticaautem

202 1764 489 1831 disputandi
540 1766 852 1814 consuetudo
905 1765 992 1813 ubi
1036 1765 1275 1829 emergit,
1331 1765 1403 1814 ibi
1449 1770 1663 1830 repente
1722 1766 1891 1813 elucet

201 1838 387 1886 veritas
435 1838 825 1902 perveniturque
872 1836 1020 1885 citius
1070 1835 1132 1884 ad
1179 1850 1350 1884 earum
1397 1850 1569 1887 rerum
1602 1837 1889 1902 intelligen-

201 1910 348 1972 tiam,
386 1908 452 1957 de
487 1909 665 1972 quibus
703 1907 930 1973 quaestio
968 1907 1200 1959 instituta
1235 1910 1331 1957 est.

342 2046 534 2102 Verum
573 2049 714 2100 inviti
747 2063 907 2116 paene
944 2049 1007 2098 ad
1044 2048 1176 2100 aliud
1214 2052 1562 2115 argumentum
1583 2046 1890 2112 transgressi

203 2135 402 2184 sumus,
431 2139 575 2186 quam
615 2122 746 2186 qnod
781 2123 1036 2170 illustrare
1074 2123 1392 2186 propositum
1422 2126 1545 2170 erat.
1623 2119 1890 2169 Videamus

201 2192 358 2256 igitur
407 2195 471 2242 de
518 2186 636 2242 libri
682 2197 994 2257 argumento.
1074 2193 1143 2242 Et
1193 2193 1276 2240 hic
1326 2193 1526 2256 quidem
1572 2195 1689 2239 aute
1727 2190 1891 2240 omnia

202 2265 419 2313 animum
456 2264 672 2313 advertit
708 2264 856 2328 longa
890 2262 976 2311 illa
1014 2268 1067 2311 et
1102 2264 1307 2328 copiosa
1344 2264 1408 2314 de
1433 2261 1677 2327 Sophiste
1710 2261 1890 2326 dispu-

203 2335 354 2395 tatio,
409 2351 536 2399 qnae
580 2352 817 2398 quorsum
866 2335 1117 2399 pertineat
1164 2340 1218 2382 et
1255 2335 1372 2398 qnid
1409 2334 1503 2382 sibi
1537 2333 1688 2393 velit,
1735 2333 1890 2381 vehe-

202 2411 402 2453 menter
440 2406 718 2454 dubitatum
757 2410 855 2456 est.
930 2405 1142 2454 Praeter
1182 2406 1306 2454 alios
1344 2421 1517 2454 rursus
1555 2403 1890 2452 Socherus

202 2476 254 2523 iu
294 2491 354 2523 ea
388 2476 582 2536 haesit,
621 2477 705 2539 qui
747 2493 856 2525 eam
893 2479 1123 2539 tanquam
1161 2491 1392 2523 vanarum
1429 2475 1732 2538 argutiarum
1771 2489 1890 2524 con-

202 2548 396 2609 geriem
445 2547 687 2611 quandam
723 2536 817 2611 pro
854 2547 1141 2594 certissimo
1179 2545 1354 2594 habuit
1389 2550 1708 2608 argumento,
1756 2545 1891 2594 unde

153 2620 155 2622 ’
203 2614 500 2680 Sopliistam
533 2633 630 2666 non
668 2633 784 2665 esse
822 2634 851 2665 a
886 2615 1105 2666 Platonis
1143 2617 1340 2681 ingenio
1377 2617 1664 2680 profectum
1700 2631 1891 2680 cogno-

204 2702 351 2736 scere
387 2688 582 2738 liceret.
657 2685 804 2751 Quod
831 2704 976 2752 quam
999 2704 1118 2736 vere
1147 2689 1415 2737 indicatum
1446 2688 1528 2747 sit,
1566 2703 1682 2736 mox
1706 2692 1890 2752 sponte

204 2760 482 2824 apparebit.
554 2760 653 2808 Est
689 2767 855 2808 antem
892 2759 958 2827 ad
990 2774 1098 2807 rem
1137 2758 1371 2808 subtilius
1397 2758 1756 2808 diiudicandam
1796 2774 1891 2806 ue-

203 2831 507 2891 cessarium,
568 2834 625 2878 nt
673 2830 787 2893 quid
838 2829 979 2879 Plato
1027 2831 1239 2880 maxime
1281 2830 1333 2879 in
1380 2829 1479 2879 hoc
1526 2830 1655 2877 libro
1705 2829 1889 2894 egerit,

205 2906 531 2966 perspectum
576 2901 871 2952 habeamus,
957 2900 1102 2963 Quod
1140 2901 1183 2949 si
1221 2917 1281 2949 ex
1318 2917 1400 2951 me
1448 2901 1647 2965 quaeris
1691 2901 1742 2949 in
1780 2900 1888 2964 qui-

204 2971 412 3021 busnam
446 2973 599 3021 rebus
637 2978 888 3029 cernatur,
926 2973 1098 3036 paucis
1136 2973 1447 3036 respondere
1483 2972 1676 3022 licebit.
1749 2970 1890 3019 Con-

203 3040 362 3089 iunxit
406 3045 537 3091 enim
591 3043 924 3107 philosophus
972 3060 1085 3091 cum
1146 3036 1341 3091 difficili
1393 3043 1480 3092 illa
1538 3048 1591 3091 et
1649 3041 1889 3107 impedita

204 3113 499 3173 quaestione
548 3112 612 3162 de
661 3116 884 3163 essentia
930 3114 1186 3179 cogitabili
1220 3115 1428 3177 eiusque
1463 3113 1740 3162 rationibus
1777 3112 1885 3160 eius

203 3180 302 3228 loci
337 3185 828 3247 pei-vestigationem,
867 3185 950 3248 qni
987 3189 1042 3234 et
1069 3185 1182 3247 ipse
1206 3186 1269 3234 ad
1295 3200 1490 3233 omnem
1516 3183 1886 3248 philosophiam

205 3254 288 3298 est
336 3251 487 3316 longe
531 3256 878 3316 gravissimus,
924 3255 1024 3302 hoc
1072 3259 1152 3304 est
1194 3255 1436 3318 quaesivit
1485 3257 1550 3304 de
1592 3253 1782 3302 fraudis
1833 3257 1886 3300 et

207 3322 395 3369 erroris
443 3323 494 3371 in
546 3323 815 3374 homiuum
848 3326 1043 3374 indiciis
1079 3341 1138 3373 ac
1175 3328 1490 3376 sermonibus
1539 3339 1685 3379 causa
1733 3327 1885 3384 atque

206 3391 367 3443 fonte.
439 3392 721 3456 Utrumque
769 3396 901 3445 enim
947 3396 1149 3449 videbat
1182 3397 1253 3447 ita
1287 3398 1421 3448 inter
1455 3413 1513 3447 se
1549 3408 1663 3444 esse
1698 3406 1883 3458 cogna-
