2028 3750
570 199 658 251 An
690 170 1199 253 *THEAETETUM
1653 203 1720 254 n

48 357 216 399 tamen
250 347 556 410 redarguere
595 359 655 391 ex
690 341 996 408 Protagorae
1035 341 1260 392 doctrina
1296 346 1488 395 nonita
1510 345 1719 396 difficile

50 428 142 470 est.
237 419 361 469 Nam
410 417 626 481 primum
682 416 883 478 quidem
930 415 1054 463 istos
1107 414 1333 463 homines
1406 419 1719 479 monebimus

49 491 257 540 deorum
293 487 492 553 quidem
526 485 711 534 nullam
750 485 1024 534 faciendam
1064 501 1180 533 esse
1215 487 1536 548 mentionem,
1575 491 1720 554 quip-

45 580 112 628 pe
168 576 318 625 quum
362 559 417 615 hi
463 557 564 605 sint
612 572 674 604 an
717 572 815 603 non
862 557 961 605 sint
998 556 1300 620 Protagoras
1348 575 1530 624 anceps
1569 567 1722 625 atque

50 633 251 682 dubium
294 630 558 691 relinquat.
642 627 834 675 Deinde
883 626 1014 690 quod
1062 627 1140 684 illiv
1170 628 1427 689 dictitant,
1465 631 1722 696 indignum

50 698 327 762 videri-ssi
372 700 451 748 vel
493 698 796 762 nequissima
846 697 1056 745 bestiola
1100 697 1290 746 homiui
1337 702 1580 765 sapientia
1630 719 1722 768 par

48 791 165 824 esse
210 773 548 829 existimetur,
596 769 649 816 id
694 771 944 816 nontam
993 782 1052 815 ex
1098 783 1158 815 re
1202 774 1255 817 et
1290 772 1526 832 veritate,
1576 789 1723 837 quam

46 859 188 895 mero
215 843 443 892 arbitrio
483 846 535 889 et
572 839 911 903 praeiudicata
947 835 1181 901 opinione
1215 840 1286 887 ita
1322 844 1476 891 statui
1511 860 1723 908 respon*

47 917 300 973 debimus3
345 913 407 962 P.
456 911 573 958 161.
626 907 682 956 C.
721 935 791 943 —-
831 907 946 955 1152.
975 907 1059 969 x112.
1133 908 1244 957 Alia
1296 913 1444 960 etiam
1498 917 1725 980 suppetit

48 985 306 1036 dubitatio.
395 980 592 1037 Dixerit
639 979 771 1028 enim
819 977 1091 1042 quispiam:
1155 979 1327 1028 audire
1388 981 1724 1045 quidemznos

35 1055 426 1124 ,peregrinarum
469 1052 747 1116 linguarum
793 1065 940 1099 voces
978 1065 1072 1098 nec
1108 1053 1275 1098 tamen
1310 1052 1618 1119 intelligere,
1664 1073 1727 1106 ex

49 1140 206 1193 eaque
264 1141 322 1174 re
368 1137 642 1188 apparere,
704 1121 893 1169 sentire
938 1119 1071 1168 aliud
1126 1121 1358 1185 quiddam
1407 1141 1522 1174 esse
1574 1132 1727 1191 atque

52 1198 183 1249 scire
231 1201 286 1246 et
333 1194 637 1257 intelligere.
722 1191 815 1239 Cui
863 1197 1028 1240 tamen
1074 1192 1370 1256 responderi
1414 1197 1627 1260 poterit:
1675 1201 1728 1248 in

51 1267 471 1332 talibusqui'dem
507 1264 659 1312 rebus
696 1262 820 1311 nihil
853 1263 1118 1326 quidquam
1156 1263 1290 1322 sciri,
1330 1266 1585 1331 nisi-quod
1611 1275 1727 1320 seuf-

52 1334 232 1399 tiatur3
267 1337 460 1401 reliqua
498 1334 660 1383 omnia
698 1334 910 1391 nesciri3
948 1333 1004 1382 P.
1043 1334 1159 1383 163.
1196 1335 1255 1384 A.
1294 1335 1348 1385 Β.
1421 1337 1611 1388 Eadem
1648 1340 1727 1389 fa-

54 1412 243 1461 cilitate
286 1408 384 1457 alia
427 1410 638 1472 possunt
681 1404 927 1465 refutari,
977 1419 1103 1469 quae
1137 1405 1356 1456 fortasse
1392 1415 1565 1459 contra
1601 1411 1727 1460 Pro-

52 1488 276 1546 tagoram
321 1478 684 1545 proferantur.¹
758 1475 887 1524 Nam
933 1476 977 1524 si
1026 1475 1135 1538 quis
1188 1477 1370 1527 dixerit
1400 1481 1402 1485 '
1432 1496 1523 1530 nos
1572 1483 1730 1533 multa

55 1554 212 1612 scire,
259 1566 387 1616 quae
435 1548 698 1614 aliquando
745 1546 1066 1596 didicerimus
1115 1562 1207 1596 uec
1254 1565 1377 1598 vero
1419 1547 1515 1600 iam
1565 1554 1730 1618 perci-

54 1626 247 1690 piamus
291 1621 521 1671 sensibus
567 1613 803 1678 nostris,‘
840 1618 958 1666 sciri
1004 1622 1171 1667 autem
1227 1620 1377 1680 nihil,
1407 1612 1573 1686 'quod
1632 1623 1732 1675 non

55 1694 267 1760 amplius
303 1693 582 1750 sentiatur-3
626 1691 677 1738 in
712 1693 912 1754 promtu
951 1704 1068 1738 sane
1105 1692 1368 1756 responsio
1406 1700 1499 1743 est.
1573 1693 1731 1762 Qu'ip-

54 1782 121 1832 pe
146 1765 418 1815 memoriae
452 1763 526 1810 vis
550 1761 839 1824 longissime
876 1761 1071 1808 diversa
1109 1766 1189 1810 est
1224 1778 1254 1810 a
1290 1779 1469 1825 sensu,
1507 1782 1734 1832 quaeque

55 1837 200 1886 nobis
234 1832 547 1899 recordando
582 1833 714 1880 scire
749 1831 991 1889 videmur,
1027 1832 1466 1895 neutiquamsunt
1487 1837 1572 1884 illa
1605 1839 1736 1903 ipsa,

57 1922 188 1973 quase
223 1903 453 1955 sensibus
491 1901 752 1966 aliquando
790 1903 1143 1966 percepimus,
1197 1908 1255 1951 ut
1301 1906 1535 1969 prose‘cto
1590 1910 1734 1960 nobis

59 1977 194 2028 nulla
230 1976 457 2039 obtingat
491 1974 698 2022 scientia
734 1973 840 2020 sola
874 1964 1242 2024 recordatione.
1313 1975 1424 2025 Nou
1472 1978 1584 2042 plus
1622 1997 1738 2029 mo·-

58 2047 215 2099 menti
249 2046 405 2094 habet
442 2043 574 2108 quod
610 2043 787 2107 aliquis
827 2050 1075 2108 opponat,
1114 2045 1292 2093 sentiri
1329 2047 1482 2097 multa
1519 2050 1738 2101 obscure

60 2127 211 2183 atque
257 2117 487 2177 eminus‚‘
521 2115 640 2163 seiri
686 2119 853 2163 autem
893 2116 990 2163 ista
1037 2114 1232 2170 ratione
1271 2117 1408 2169 nibil.
1491 2119 1617 2170 Nam
1655 2123 1739 2187 qui

64 2190 183 2255 quid
234 2189 448 2238 obscure
490 2190 576 2235 aut
622 2202 652 2234 e
695 2185 966 2249 longinquo
1014 2187 1258 2251 percipit,
1321 2188 1363 2237 is
1415 2205 1621 2253 prorsus
1661 2192 1742 2244 es‘t

64 2262 289 2311 diversus
338 2259 398 2307 ab
448 2273 538 2318 eo,
590 2258 674 2320 qui
722 2256 901 2306 clarius
948 2263 1034 2306 aut
1100 2259 1322 2307 cominus
1379 2261 1510 2310 idem
1567 2266 1742 2315 sentit.

67 2332 266 2396 Quippe
300 2329 451 2378 facile
486 2332 566 2376 est
601 2327 662 2375 ad
713 2327 1094 2392 intelligendum
1138 2329 1391 2379 homiuum
1432 2333 1742 2387 diversorum

20 2440 34 2442 --
66 2402 334 2453 scientiam·
359 2395 491 2450 ‘item
539 2399 785 2447 diversam
835 2415 951 2457 esse
997 2405 1251 2468 oportere.
1336 2401 1608 2457 Praeterea
1645 2407 1746 2458 hoc

0 2524 5 2530 „
68 2474 266 2523 videtur
302 2485 399 2537 pro
444 2485 564 2519 vero
613 2470 733 2534 pom·
770 2485 952 2535 posse,
997 2472 1246 2520 neminem
1289 2478 1405 2522 ante
1459 2475 1607 2525 alium
1646 2481 1746 2527 sci-

73 2546 207 2594 entia
252 2543 524 2601 excellere,
572 2540 815 2605 siquidem
865 2542 1016 2590 sicuti
1049 2542 1266 2606 quidque
1303 2545 1483 2608 cuique
1520 2556 1749 2612 apparet,

69 2617 143 2665 ita
193 2615 324 2663 idem
376 2614 423 2662 ei
470 2627 643 2665 verum
681 2618 773 2660 est.
847 2611 1134 2676 Quanquam
1172 2629 1270 2664 uon
1307 2620 1388 2664 est
1439 2617 1751 2670 infitiandum

75 2692 130 2737 et
162 2686 302 2750 ipsos
338 2683 567 2751 homiues
605 2688 658 2731 et
690 2698 811 2731 vero
850 2684 998 2732 etiam
1040 2685 1223 2733 bestias
1260 2702 1352 2749 pro
1383 2690 1611 2752 corporis
1647 2692 1752 2739 ani-

75 2758 244 2819 mique
290 2753 580 2804 condicione
626 2754 707 2802 vel
743 2754 1022 2803 deteriores
1071 2770 1184 2803 esse
1223 2757 1307 2804 ‘vel
1343 2761 1752 2821 praestantiores.

79 2826 207 2878 Nam
253 2825 339 2887 qni
384 2827 643 2887 aegrotat,
690 2825 735 2872 is
784 2826 1039 2875 deteriore
1086 2827 1244 2874 utitur
1279 2827 1571 2876 condicione
1608 2846 1753 2895 quam

82 2897 167 2962 qui
203 2909 495 2961 prosperam
543 2893 697 2940 habet
732 2897 958 2957 corporis
996 2896 1343 2954 valitudinem3
1391 2898 1612 2950 medicus
1648 2919 1754 2951 me-

5 2971 12 3021 }
83 2970 472 3018 dicamentorum
511 2964 796 3027 cognitione
833 2966 1116 3028 imperitum
1152 2967 1428 3028 antecellit3
1464 2969 1756 3038 philosophi

84 3044 139 3088 et
187 3042 413 3087 oratores
460 3024 674 3083 indoctis
723 3039 838 3082 suut
882 3037 1243 3099 anteponendi,
1304 3053 1401 3086 non
1453 3056 1551 3104 quo
1597 3043 1758 3108 ipsam

87 3125 259 3159 rerum
292 3112 519 3156 naturam
558 3105 743 3153 certius
780 3109 1158 3170 accuratiusque
1180 3114 1497 3173 perspectam
1524 3112 1760 3175 habeant,

52 3231 56 3237 ‚
91 3180 184 3232 sed
228 3178 388 3243 quod,
438 3191 565 3240 quae
605 3175 705 3224 sint
749 3176 959 3237 utilia,
1010 3179 1201 3227 facilius
1248 3181 1558 3244 perspiciunt
1597 3193 1650 3234 et
1685 3187 1761 3236 in-

95 3250 342 3314 telligunt.
415 3247 614 3312 Quippe
648 3245 775 3295 haec
810 3264 907 3298 una
943 3254 1023 3298 est
1054 3254 1207 3313 *atque
1243 3252 1524 3303 certissima
1559 3258 1765 3323 sapien-

15 3323 22 3334 ⁸
85 3323 198 3380 ,tiae
233 3335 478 3370 mensura.
561 3315 691 3366 Nam'
725 3333 823 3382 quo
868 3321 1023 3386 magis
1059 3321 1168 3388 quis
1204 3320 1314 3371 aliis
1351 3316 1595 3387 prodesse
1630 3328 1766 3377 utili·

164 3418 275 3459 mat.
307 3421 415 3468 Opp.
452 3416 548 3458 Vol.
576 3417 695 3458 Vffl.
727 3416 775 3457 Ρ.
804 3419 838 3461 1.
1134 3452 1135 3455 ,
1401 3406 1436 3453 2
