2028 3750
189 220 260 271 36
767 221 1286 275 PROLEGOMENA

194 376 392 430 quoque
442 364 576 430 apud
621 361 1132 430 Xenophontem
1177 362 1457 418 Memor-ab.
1504 365 1542 416 1.
1584 367 1653 430 6,
1701 368 1772 418 12
1817 372 1875 418 et

192 434 278 484 18.
313 432 568 501 sophistas
614 435 850 486 similiter
893 441 1130 502 tanquam
1183 438 1459 504 sapientiae
1495 453 1748 504 caupones
1781 454 1873 490 no-

190 505 343 566 tavit3
376 520 543 569 neque
577 504 821 557 abludunt
855 521 987 572 quae
1020 508 1177 559 habet
1209 509 1630 561 Aristoteles
1663 508 1743 561 De
1776 509 1873 561 So·-

189 577 403 643 phistar.
435 574 649 628 Elencb.
683 574 808 627 1.‘6.
853 577 969 631 ἔστι
1002 574 1107 650 γὰρ
1145 574 1182 642 ἦ
1218 575 1518 651 σοφιστικὴ
1558 581 1875 653 φαινομένη

193 649 393 718 σοφία,
439 638 581 698 οὖσα
632 646 693 699 δὲ
741 641 836 709 οὕ,
886 648 983 701 καὶ
1018 645 1047 701 ὁ
1089 646 1359 722 σοφιστὴς
1390 646 1878 721 χρηματιστὴς

190 712 300 769 ἀπὸ
350 717 698 789 φαινομένης
733 718 968 790 σοφίας,
1018 716 1138 771 ἀλλ’
1183 717 1286 772 οὐκ
1322 717 1506 786 οὔσης.
1577 721 1693 772 Huc
1727 738 1876 772 aece-

188 787 266 838 dit
304 785 551 854 denique,
598 789 736 856 quod
781 788 958 842 eadem
1006 806 1161 859 opera
1205 793 1427 843 suaviter
1462 790 1682 858 explosit
1715 793 1877 844 dialed

190 859 308 910 ctici
350 859 593 910 acuminis
639 860 851 912 abusum
887 877 1089 926 eorum,
1144 864 1230 929 qui
1266 880 1417 929 quum
1453 865 1551 916 sibi
1583 863 1876 916 viderentur

188 935 299 980 arte
331 930 619 982 disserendi
665 938 872 999 praeter
908 941 1112 986 ceteros
1149 936 1432 998 excellere,
1471 941 1646 986 ‘tamen
1682 938 1877 1001 argutis

188 1002 517 1054 divisionibus
554 1008 609 1053 et
642 1006 1162 1070 argumentationibus
1213 1007 1393 1057 mirum
1430 1013 1668 1072 quantum
1701 1006 1875 1058 indul-

187 1074 404 1140 gebant,
440 1080 500 1126 ut
535 1073 598 1126 ad
632 1078 866 1127 notiones
908 1093 1080 1129 rerum
1124 1082 1267 1128 recte
1307 1078 1632 1129 illustrandas
1682 1094 1870 1143 saepe·

186 1161 396 1197 numero
430 1160 608 1213 parum
642 1146 965 1214 proficerent.
1034 1148 1254 1201 Tantum
1289 1150 1436 1199 abest
1471 1150 1630 1212 enim,
1665 1156 1724 1199 ut
1759 1164 1874 1200 cum

185 1216 314 1268 Viro
349 1217 559 1283 egregio
604 1217 764 1270 Phil.
814 1218 981 1272 Guil.
1028 1233 1143 1271 van
1188 1219 1442 1272 Heusde
1490 1220 1604 1271 [nit.
1638 1218 1874 1270 Philoso-

184 1288 339 1352 phiae
385 1288 584 1339 Platon.
631 1288 749 1341 Vol.
793 1288 852 1341 11.
895 1289 951 1341 Ρ.
1000 1290 1060 1340 11.
1109 1307 1164 1357 p.
1212 1291 1320 1341 1⁰4
1353 1307 1473 1357 sqq.
1530 1293 1872 1342 existimemus

184 1358 448 1410 Platonem
495 1360 547 1410 in
593 1358 853 1426 Sophista‘
883 1367 939 1412 et
981 1358 1202 1426 Politico
1251 1362 1504 1413 cernendi
1533 1364 1873 1429 iungendique

184 1431 485 1482 methodum'
499 1429 688 1483 illustri
722 1430 891 1496 aliquo
927 1431 1160 1499 exemplo
1196 1433 1489 1497 patefacere
1516 1440 1582 1487 :et
1615 1450 1875 1485 commen-¹

185 1502 596 1564 darepvoluisse,
654 1506 713 1552 ut
755 1507 914 1554 totam
967 1504 1116 1556 istam
1165 1504 1351 1569 dialogi
1406 1510 1634 1571 partem,
1681 1506 1767 1556 ubi
1812 1521 1874 1554 ea

185 1573 412 1624 adhibita
460 1577 574 1634 est,
618 1578 830 1625 venusta
876 1574 1088 1640 quadam
1119 1580 1180 1627 et
1214 1574 1391 1625 callida
1423 1576 1661 1626 irrisione
1693 1575 1872 1642 perfu-

184 1658 292 1695 sam
331 1658 451 1695 esse
486 1644 632 1695 nobis
667 1647 1086 1712 persuaserimus.
1157 1646 1289 1697 Hinc
1325 1647 1660 1714 igitur'copia
1693 1648 1782 1697 illa
1817 1651 1874 1697 et

183 1715 455 1766 multitudo
489 1720 780 1781 argutarum
824 1718 1181 1786 partitionum,
1225 1733 1353 1783 quae
1390 1733 1596 1784 semper
1636 1723 1872 1784 tanquam

182 1786 484 1837 immutabili
529 1786 649 1852 lege
697 1787 826 1838 fiunt
873 1802 972 1854 per
1012 1788 1392 1850 dichotomiam3
1439 1789 1558 1841 hinc
1591 1789 1750 1840 multa
1784 1789 1880 1839 illa*

183 1858 367 1909 artium
403 1859 632 1918 nomina,
677 1873 807 1925 quae
841 1874 1070 1925 magnam
1106 1865 1247 1911 certe
1282 1865 1480 1926 partem
1515 1866 1755 1927 protervo
1790 1860 1871 1911 lu-

97 1932 102 1939 ”
184 1929 347 1979 dibrio
382 1929 502 1979 licta
538 1933 681 1990 sunt;
716 1929 833 1980 hinc
867 1931 1217 1982 vilissimarum
1237 1934 1646 1982 commemoratio
1667 1933 1875 1993 artium,

185 2001 588 2066 quandoquidem
622 2000 884 2051 dialectica
919 2003 1018 2054 ista
1052 2004 1326 2066 severitas,
1374 2018 1520 2069 quam
1558 2003 1764 2053 Eristici
1797 2004 1885 2053 ia-'

184 2073 414 2134 etabant,
459 2086 559 2123 non
594 2073 948 2137 permittebat,
993 2080 1053 2124 ut
1099 2075 1152 2126 in
1186 2090 1358 2124 rerum
1394 2074 1707 2139 turpitudine
1741 2074 1879 2124 hae-·

183 2137 492 2209 teretur·(V.
529 2158 581 2209 p.
617 2144 744 2196 227.
783 2141 899 2213 A.);
953 2144 1071 2198 hinc
1106 2146 1324 2210 denique
1359 2136 1780 2210 quaesitaeistae
1817 2149 1879 2194 et

183 2214 336 2280 longe
383 2215 658 2264 arcessitae
701 2217 959 2281 argutifie,
1015 2232 1150 2282 quass
1190 2215 1451 2267 Platonem
1495 2217 1632 2266 serio
1680 2232 1871 2283 propo-

186 2286 362 2334 suisse
388 2286 499 2350 quis
535 2286 634 2336 sibi
669 2287 1013 2350 persuadeat?
1081 2288 1161 2338 En
1197 2288 1366 2353 igitur,
1404 2288 1561 2338 habes
1596 2289 1714 2348 iam,
1752 2287 1870 2353 quid

185 2355 251 2404 de
286 2371 346 2404 ea
382 2361 530 2420 parte
565 2358 736 2422 operis
773 2358 1077 2426 sentiamuS,
1126 2374 1222 2422 qua
1269 2360 1335 2409 de
1372 2358 1615 2426 Sophista
1650 2359 1870 2423 anquiri-

183 2431 296 2487 tur3
333 2442 480 2491 quam
516 2427 561 2476 si
597 2427 708 2494 quis
744 2433 958 2493 propter
994 2429 1370 2496 amplitudinem
1404 2446 1543 2479 suam
1570 2429 1718 2494 longe
1755 2445 1869 2493 gra-

184 2498 438 2547 vissimam
484 2513 603 2547 esse
661 2499 942 2559 existimet,
999 2501 1043 2549 is
1089 2501 1327 2565 profecto
1380 2500 1591 2551 multum
1649 2500 1870 2549 fallatur.

184 2567 311 2617 Nam
348 2568 611 2633 longitudo
658 2575 803 2618 certe
845 2570 979 2619 illius
1025 2585 1128 2620 non
1178 2570 1333 2619 debet
1369 2586 1666 2637 quemquam
1702 2571 1870 2619 offen-

187 2638 338 2700 dere,
401 2640 802 2705 quandoquidem
847 2639 995 2690 Plato
1030 2656 1126 2691 nec
1176 2642 1226 2690 in
1273 2641 1623 2708 Euthydemm
1678 2656 1776 2691 nec
1816 2642 1869 2691 in

187 2709 412 2777 Cratle,
449 2712 615 2762 necin
640 2711 752 2761 aliis
789 2713 1085 2777 quibusdam
1123 2711 1264 2763 libris
1303 2726 1490 2779 operae
1529 2714 1776 2779 pepercit,
1812 2717 1871 2762 ut

187 2782 536 2832 coacervandis
573 2783 782 2847 argutiis
816 2784 1130 2834 adversarios
1166 2784 1360 2835 rideret
1396 2784 1631 2835 similiter
1664 2790 1718 2833 et
1753 2799 1870 2832 exa·

188 2854 387 2916 gitaret.
459 2854 768 2920 Quamquam
805 2869 906 2904 non
943 2860 1023 2904 est
1057 2854 1402 2917 inficiandum,
1439 2871 1505 2907 ne
1540 2857 1590 2903 in
1628 2855 1723 2904 hac
1759 2855 1865 2919 qui«

188 2924 300 2972 dem
348 2929 496 2988 parte
529 2927 702 2989 operis
744 2924 1049 2987 desiderari,
1099 2942 1227 2990 quae
1263 2926 1411 2991 plane
1450 2926 1658 2991 egregie
1694 2925 1869 2990 dispu-

187 2998 292 3043 tata
328 2996 444 3043 sint.
514 2995 784 3045 Enimvero
824 2994 1026 3046 miscuit
1061 2997 1395 3063 philosophus
1427 2998 1510 3046 hic
1547 3012 1747 3062 quoque
1785 3010 1868 3045 se-
1898 3000 1901 3002 ’

186 3065 260 3111 ria
307 3066 460 3124 iocis,
503 3067 655 3131 idque
702 3083 765 3116 eo
811 3069 1004 3118 rectius
1051 3069 1122 3117 ita
1156 3068 1328 3119 facere
1364 3070 1560 3134 potuit,
1609 3067 1741 3132 quod
1777 3080 1866 3116 eos

186 3135 355 3198 ipsae,
392 3151 605 3200 quorum
641 3144 814 3203 partes
850 3140 953 3205 agit
989 3138 1179 3206 hospes
1215 3140 1505 3202 Eleaticus,
1548 3139 1710 3188 lenius
1747 3151 1866 3187 cor-

185 3206 356 3269 rigere
390 3207 563 3256 voluit.

203 3280 206 3283 ’
328 3277 598 3339 Sequitur,
645 3284 703 3328 ut
740 3279 804 3329 de
841 3279 1105 3346 principali
1153 3281 1323 3348 operis
1360 3284 1653 3346 argumento
1691 3279 1864 3343 paucis

189 3344 527 3411 explicandum
566 3350 651 3398 sit.
723 3350 892 3400 Habet
922 3354 1054 3401 enim
1089 3353 1188 3401 hoc
1223 3366 1424 3417 quoque
1452 3349 1699 3408 nonnulla,
1738 3364 1866 3413 quae

185 3418 444 3482 requirant
491 3417 857 3481 diligentiorem
907 3422 1320 3487 explicationem,
1368 3437 1513 3489 quam
1547 3421 1598 3470 in
1633 3421 1864 3485 superio-
