2028 3750
227 206 299 257 20
797 196 1318 251 PROLEGOMENA

229 351 389 397 artem
435 345 540 393 sive
588 339 689 404 τὴν
739 332 1184 402 εὶδωλοποιϊκήνε
1233 339 1304 388 ita
1353 341 1484 390 enim
1535 340 1653 403 fiet,
1706 345 1766 390 ut
1804 341 1898 391 ¹ubi

226 418 316 469 ille
352 415 633 473 delituerit,
672 411 825 459 facile
858 410 1320 460 animadvertamus,

371 500 497 548 Sunt
533 497 686 560 igitur
719 494 846 542 duae
883 496 1079 560 species
1114 493 1212 555 τῆς
1245 490 1564 559 μιμητικῆς,
1610 510 1736 555 una,
1772 510 1899 558 quae

229 571 462 636 exprimit
505 583 673 615 rerum
711 565 899 614 formas
935 568 1033 630 ipsi
1070 565 1269 613 ieritati
1301 566 1678 625 comenientes3
1723 564 1898 626 altera,

229 657 356 707 quae
402 639 605 687 exhibet
654 637 895 701 imagines
944 636 1005 684 ad
1043 637 1262 701 speciem
1299 637 1640 684 tautummodo
1677 636 1900 684 veritatis

230 726 506 776 expressas.
577 708 715 757 Illam
766 702 1104 768 εὶκαστικη·,ν
1153 707 1281 755 haue
1330 722 1707 776 φανταστικην
1757 711 1902 754 recte

230 783 516 832 dixerimus.
572 779 686 827 Hic
723 794 843 827 vero
883 794 1030 842 quum
1058 778 1258 833 dubium
1299 778 1381 836 sit,
1418 776 1482 824 ad
1518 783 1677 825 utram
1706 786 1901 841 partem

233 853 560 916 sophisticam
597 850 784 899 referri
819 854 1078 914 oporteat,
1113 851 1221 897 tum
1257 863 1380 896 nova
1416 849 1576 895 oritur
1611 847 1901 896 difficultas.

228 924 354 974 Nam
401 922 540 971 istud
590 935 905 985 appare-re
952 925 1005 968 et
1043 920 1256 967 videri
1293 934 1386 967 nec
1425 925 1592 967 tamen
1627 934 1800 978 esse,
1848 921 1902 966 et

231 995 455 1044 dicere
502 992 715 1056 aliqua
762 1006 927 1054 neque
961 996 1127 1039 tamen
1164 1006 1342 1050 vera,
1388 989 1515 1037 haec
1555 991 1717 1038 onmia
1753 989 1903 1053 plens

230 1069 347 1116 sunt
381 1063 722 1123 difficultatis,
776 1058 1170 1125 quandoquidem
1217 1060 1596 1124 haudquaquam
1640 1060 1789 1109 facile
1825 1061 1903 1107 in·

230 1137 439 1186 tellectu
479 1138 583 1196 est,
620 1133 705 1199 qui
739 1133 851 1180 fieri
887 1133 1074 1197 possit,
1112 1137 1167 1180 ut
1203 1133 1285 1194 qui
1322 1132 1456 1179 dicat
1492 1131 1617 1179 salsa
1653 1132 1904 1179 dicentem

233 1213 287 1257 et
323 1207 610 1270 opinantem
656 1219 776 1271 vere
823 1219 963 1263 esse,
1013 1218 1110 1251 non
1159 1218 1331 1251 secum
1379 1203 1491 1267 ipso
1529 1207 1732 1267 pugnet.
1806 1199 1903 1248 Su-

229 1279 384 1328 mitur
431 1277 561 1325 enim
596 1277 696 1336 ita,
750 1275 884 1338 quod
919 1288 1038 1322 non
1082 1274 1197 1333 sit,
1251 1274 1387 1322 idem
1422 1278 1585 1321 tamen
1626 1273 1774 1320 es'se
1821 1271 1903 1335 (P.

230 1348 352 1398 235.
388 1346 444 1395 Β.
481 1372 549 1384 --
588 1347 705 1395 ⁶237.
744 1345 843 1407 A.).
915 1343 985 1393 Et
1018 1350 1206 1408 pugnat
1243 1343 1368 1392 haec
1402 1345 1513 1408 ipsa
1551 1344 1719 1407 opinio
1746 1342 1903 1391 vehe-

230 1425 431 1470 menter
476 1433 585 1466 cum
635 1416 944 1464 nobilissima
991 1416 1077 1463 illa
1122 1414 1431 1462 Parmenidis
1481 1414 1759 1474 sententia,
1809 1427 1906 1477 qua

230 1484 295 1541 τὸ
348 1482 412 1539 ὃν
458 1486 799 1538 tautummodo
848 1502 962 1534 esse
1010 1501 1164 1550 posse
1201 1486 1451 1534 statuitur.
1523 1484 1648 1533 Nam
1682 1484 1906 1548 idwquod

231 1561 331 1611 non
381 1565 460 1608 est
508 1564 649 1608 certe
698 1573 861 1622 neque
898 1572 1045 1606 esse
1082 1572 1245 1620 neque
1281 1555 1525 1620 aliquid
1564 1562 1648 1603 aut
1684 1555 1904 1618 aliquo

229 1631 415 1683 modo
465 1646 616 1679 esse
661 1633 848 1694 potest.
921 1627 1018 1676 Iam
1064 1643 1184 1675 vero
1224 1629 1308 1690 qui
1353 1642 1468 1675 uon
1517 1626 1763 1689 aliquid
1799 1625 1906 1674 elo-

232 1704 431 1767 quitur,
478 1697 521 1750 is
575 1707 713 1749 certe
761 1699 928 1748 nihil
967 1700 1114 1758 dicit,
1166 1698 1264 1747 hoc
1303 1704 1382 1747 est
1416 1697 1562 1762 plane
1610 1712 1729 1745 non
1766 1697 1907 1756 (licit,

232 1773 475 1837 siquidem
521 1771 703 1835 aliquid
741 1785 942 1835 semper
980 1770 1242 1832 eloquatur
1295 1770 1375 1834 qui
1414 1770 1534 1816 (licit
1572 1784 1778 1832 prorsus
1816 1783 1904 1815 ne·-

230 1860 378 1895 cesse
416 1848 497 1892 est
552 1843 633 1906 (P.
664 1842 784 1891 237.
810 1843 869 1891 A.
896 1867 954 1875 -
985 1839 1107 1889 238.
1130 1839 1232 1904 Α.).
1304 1840 1576 1889 Praeterea
1611 1840 1718 1887 eius
1773 1837 1907 1902 quod

231 1932 331 1965 non
370 1919 450 1963 est
487 1913 613 1977 (τοῦ
645 1909 721 1978 μὴ
761 1906 947 1976 ὄντος)
999 1911 1134 1960 nulla
1180 1927 1294 1961 esse
1344 1916 1556 1976 possunt
1603 1909 1907 1974 praedicata,

231 1993 289 2036 ut
323 1986 477 2035 hodie
512 1985 791 2049 loquimur3
829 1985 999 2046 itaque
1039 1998 1133 2031 nec
1156 1998 1327 2032 eorum
1351 1998 1477 2047 quae
1505 1989 1619 2031 sunt
1641 1980 1907 2044 quidquam

230 2058 308 2106 illi
353 2057 474 2105 licet
519 2056 823 2115 attribuem,
872 2053 1027 2102 veluti
1074 2069 1364 2114 numerum,
1413 2053 1495 2116 qui
1543 2053 1677 2100 iuter
1713 2067 1772 2099 ea
1807 2056 1906 2111 est,

231 2144 359 2194 quae
386 2143 499 2176 esse
517 2127 849 2175 affirmamus·
872 2126 1191 2189 quamobrem
1219 2126 1300 2188 qui
1323 2140 1421 2173 non
1445 2139 1534 2172 ens
1558 2116 1659 2187 (μη
1683 2115 1771 2188 ὄν)
1796 2126 1908 2170 tan-

230 2216 378 2264 quam
413 2215 564 2246 uuum
601 2197 832 2261 quiddam
868 2201 954 2244 aut
988 2211 1087 2244 non
1124 2196 1257 2244 entia
1292 2201 1349 2244 ut
1373 2195 1516 2258 plura
1537 2197 1908 2254 commemorat,

231 2273 276 2321 is
313 2269 437 2318 nihil
473 2269 606 2317 dicit.
680 2268 810 2329 Quid
860 2266 989 2330 quod
1040 2267 1119 2325 id,
1168 2267 1301 2330 quod
1351 2282 1449 2315 non
1487 2271 1596 2325 est,
1640 2280 1704 2313 ue
1739 2269 1908 2312 mente

232 2342 434 2405 quidem
490 2345 543 2388 et
597 2340 902 2402 cogitatione
962 2338 1248 2402 intelligere
1302 2337 1439 2386 licet.
1534 2336 1682 2398 Quod
1741 2342 1907 2383 autem

231 2411 390 2460 multo
422 2408 581 2472 magis
619 2407 797 2460 mirum
840 2412 935 2468 est,
972 2409 1072 2455 imo
1112 2425 1228 2457 vero
1267 2407 1560 2467 absurdum,
1597 2422 1660 2454 ue
1695 2409 1908 2469 possunt

230 2482 431 2546 quidem
482 2480 636 2539 haec,
698 2495 825 2544 quae
879 2480 1291 2538 memoravimus,
1349 2478 1450 2525 ullo
1497 2476 1647 2525 modo
1695 2475 1759 2523 de
1808 2491 1908 2526 uon

232 2558 351 2601 ente
395 2551 507 2600 dici,
580 2549 702 2613 Qui·
737 2550 869 2599 enim
924 2549 1047 2597 illud
1103 2548 1453 2612 inexplicabile
1513 2552 1599 2594 aut
1652 2546 1907 2598 ineffabile

232 2638 350 2672 esse
396 2626 602 2680 censet,
649 2621 694 2669 is
745 2635 807 2668 eo
850 2620 962 2684 ipso
1008 2618 1130 2667 illud
1178 2635 1293 2668 esse
1342 2619 1517 2667 statuit
1564 2622 1619 2666 et
1669 2617 1906 2678 affirmat,

230 2694 448 2758 ideoque
468 2708 640 2742 secum
669 2692 781 2757 ipse
805 2694 994 2757 pugnat
1017 2689 1246 2741 mirifice.
1285 2688 1365 2754 (P.
1391 2689 1507 2739 238.
1531 2687 1662 2738 B.-
1682 2688 1802 2737 239.
1824 2684 1906 2755 B.)

370 2790 502 2841 Hinc
534 2805 656 2839 vero
693 2794 902 2855 apparet
937 2787 1113 2837 falsam
1150 2788 1372 2854 speciem
1409 2801 1735 2850 erroremque
1770 2786 1908 2835 nullo

230 2861 379 2912 modo
427 2876 543 2912 esse
587 2876 756 2926 posse.
828 2861 954 2909 Nam
1000 2860 1198 2925 species
1250 2859 1376 2908 falsa
1429 2874 1577 2922 quum
1626 2873 1708 2905 res
1745 2857 1806 2904 ab
1844 2872 1905 2904 eo

232 2935 368 2997 quod
406 2939 486 2983 est
525 2933 746 2982 dixersas
772 2931 987 2994 ideoque
1011 2930 1131 2978 alias
1151 2935 1519 2995 repraesentet
1557 2943 1720 2991 neque
1757 2927 1908 2975 etiam

234 3004 538 3067 quidquam‘
522 3019 573 3052 ln
607 3018 775 3051 rerum
811 3010 989 3054 natura
1019 3002 1317 3066 reperiatur
1356 3000 1486 3064 quod
1524 3013 1619 3047 non
1659 3014 1772 3047 esse
1808 2996 1907 3045 dici

234 3083 409 3135 queatg
470 3082 612 3122 certe
657 3073 796 3122 fraus
845 3079 996 3136 atque
1047 3089 1190 3120 error
1238 3087 1474 3134 nusquam
1522 3069 1676 3117 habet
1723 3069 1904 3119 locum.

233 3143 376 3203 Quod
407 3146 448 3192 si
489 3147 554 3193 ita
594 3148 705 3204 est,
755 3160 817 3192 ue
855 3144 1091 3207 Sopliista
1145 3142 1342 3205 quidem
1380 3143 1514 3190 iuter
1551 3138 1903 3203 praestigiato-

231 3228 315 3262 res
351 3216 684 3264 numcrandus
719 3216 930 3264 videtur.
1006 3210 1085 3280 (Ρ.
1123 3214 1242 3261 239.
1279 3214 1335 3261 Β.
1374 3239 1440 3248 -—
1479 3211 1600 3259 241.
1639 3208 1720 3273 C.)

372 3310 549 3374 Neque
598 3306 763 3360 tamen
812 3313 890 3360 vel
928 3313 1001 3361 sic
1037 3311 1308 3375 desperare
1346 3311 1466 3358 licet
1506 3309 1728 3356 futurum
1768 3321 1902 3368 esse,

231 3386 288 3431 ut
319 3397 487 3431 veram
522 3381 630 3433 eius
664 3383 885 3432 indolem
919 3388 1245 3446 naturamque
1280 3379 1541 3445 aliquando
1560 3376 1901 3439 exquiramus-
