2028 3750
199 203 273 257 24
778 201 1297 261 PROLEGOMENA

206 345 325 411 quid
371 350 453 396 es't
503 344 638 395 aliud
674 359 818 408 quam
857 345 1023 409 aliquo
1060 344 1209 394 modo
1249 344 1427 395 affici?
1498 345 1689 407 Quodsi
1722 347 1877 412 igitur

207 434 294 479 ea,
331 433 458 481 quae
494 422 639 474 sunt,
684 421 1085 479 cognoscuntur,
1133 416 1306 466 eadem
1343 417 1664 480 consequitur
1697 419 1877 466 mentis

209 489 497 553 cognitione
549 487 696 541 etiam
734 486 871 535 affici
909 494 962 535 et
997 488 1210 548 moweri,
1257 487 1471 552 ideoque
1508 503 1622 540 esse
1658 489 1881 558 patibilia

210 566 362 630 atque
400 557 614 612 mobilia.
686 557 758 606 Et
805 573 925 607 vero
975 559 1258 611 lectissime
1306 559 1376 611 ita
1421 559 1681 607 iudicatur.
1752 558 1883 620 Quid

211 637 380 686 autem
428 629 623 693 porio‘ss
667 643 782 682 num
821 629 895 691 ei,
945 628 1075 693 qnod
1124 630 1320 681 omnino
1359 629 1425 677 sit
1472 623 1574 695 (τῶ
1612 627 1885 690 παντελῶς

213 695 388 766 ὄντι),
425 704 614 752 motum
652 703 706 746 et
740 700 888 753 vitam
928 706 982 748 et
1017 716 1229 756 animum
1266 705 1320 750 et
1355 700 1671 765 prudentiam
1707 701 1887 751 adesse

211 777 355 828 recte
407 770 723 836 negabimus,
770 776 856 826 aut
897 771 1062 819 vivere
1096 770 1217 826 illud
1256 787 1312 823 ac
1351 769 1529 835 sapere
1564 786 1774 841 prorsus
1810 772 1888 819 in·-
1972 775 1974 777 ’

212 842 502 901 fitiabimur‚
537 841 799 895 immotum
834 842 968 895 idem
1007 847 1142 896 stare
1180 847 1234 890 et
1269 836 1481 905 augusto
1508 841 1890 904 venerandoque

213 913 426 969 rationis
484 927 694 968 munere
748 913 976 966 orbatum
1026 928 1142 967 esse
1212 913 1589 966 existimantes‘.z
1645 913 1890 966 rationem

214 988 385 1039 autem
441 984 485 1039 si
540 984 587 1031 ei
632 982 982 1043 tribuerimus,
1042 1000 1157 1033 num
1203 985 1303 1049 ipsi
1371 985 1642 1048 eripiemus
1700 984 1891 1035 vitam?

215 1054 486 1105 Enimvero
518 1054 561 1103 si
594 1054 803 1110 immota
836 1056 935 1107 sint
973 1070 1057 1113 ea,
1098 1070 1221 1121 quae
1259 1071 1405 1108 esse
1437 1055 1737 1115 iudicamus,
1785 1071 1892 1103 ma·-

215 1125 455 1182 nifestum
505 1129 586 1175 est
631 1126 815 1178 nemini
862 1127 1089 1191 cuiquam
1140 1126 1204 1174 de
1251 1126 1351 1174 ulla
1387 1142 1444 1179 re
1480 1141 1687 1190 usquam
1723 1126 1893 1178 inesse

217 1210 375 1263 posse
409 1196 656 1252 rationem
691 1201 745 1251 et
789 1193 1187 1260 intelligentiam.
1257 1196 1354 1245 Est
1390 1197 1519 1245 enim
1554 1197 1684 1244 ratio
1722 1202 1776 1244 et
1811 1197 1894 1244 in-

217 1266 503 1332 telligentia
547 1266 674 1316 nihil
723 1266 856 1315 aliud
903 1283 1046 1332 quam
1084 1268 1214 1319 actio
1252 1268 1356 1317 sive
1392 1268 1627 1332 agitati03
1677 1268 1895 1331 ideoque

219 1339 418 1397 ,motios
476 1337 902 1400 Quemadmodum
947 1352 1069 1393 vero
1116 1338 1225 1386 sine
1269 1342 1407 1393 motu
1442 1339 1571 1392 ratio
1611 1353 1726 1389 esse
1762 1338 1897 1387 nulla

219 1411 423 1477 potest,
458 1408 531 1467 ita
568 1408 741 1458 eadem
781 1424 898 1458 esse
932 1424 1031 1473 non
1069 1409 1289 1473 poterit,
1329 1409 1372 1457 si
1409 1409 1572 1457 omnia
1605 1414 1897 1464 moveantur

165 1523 168 1525 .
219 1480 446 1544 nihilque
483 1480 550 1528 sit
586 1484 905 1544 perpetuum,
940 1481 1329 1544 sempiternum,
1366 1480 1642 1534 immotum.
1713 1480 1897 1545 Ungui*

219 1552 347 1608 tioni
383 1551 514 1607 enim
551 1552 830 1607 subiectum
868 1566 984 1599 esse
1021 1549 1175 1601 debet
1210 1550 1411 1612 aliquid,
1450 1549 1582 1615 quod
1618 1555 1759 1605 certo
1781 1567 1898 1615 perv

221 1627 420 1681 maneat
469 1621 662 1685 sibique
712 1637 914 1687 semper
950 1627 1163 1670 constet.
1238 1621 1430 1683 Quodsi
1466 1621 1621 1685 igitur
1655 1623 1902 1673 rationem

223 1708 284 1742 ac
330 1693 586 1743 scientiam
635 1694 837 1757 penitus
884 1693 1070 1741 tollere
1127 1691 1461 1752 nolum-imm,
1524 1692 1574 1740 ei
1622 1694 1757 1758 quod
1804 1699 1903 1754 est,

223 1769 326 1817 nec*
367 1770 558 1812 motum
603 1765 803 1829 eripere
850 1779 944 1813 nec
994 1764 1322 1812 constantiam
1361 1767 1416 1812 et
1453 1763 1901 1828 sempiternitatem

228 1833 516 1895 abiudicare
551 1833 846 1895 debebimus
895 1831 1082 1913 (usque
1112 1835 1176 1893 ad
1211 1850 1260 1907 p.
1298 1834 1419 1891 249,
1457 1830 1564 1907 D.).

366 1975 510 2027 Haec
543 1977 697 2042 igitur
733 1980 910 2026 contra
947 1993 1036 2026 eos
1074 1977 1206 2027 dicta
1232 1979 1398 2036 sunto,
1436 1975 1519 2040 qui
1555 1976 1616 2024 ab
1653 1990 1733 2035 eo,
1772 1974 1905 2040 quod

228 2062 349 2099 vere
396 2053 504 2111 est,
545 2054 735 2098 motum
780 2064 976 2097 omnem
1019 2050 1443 2111 mutationemque
1510 2063 1772 2098 removere
1819 2062 1904 2094 co-

228 2124 428 2177 nantur.
507 2119 835 2184 Exploratum
890 2121 1021 2174 enim
1066 2119 1306 2169 habemus
1354 2122 1542 2166 motum
1596 2123 1648 2166 et
1697 2133 1906 2181 genera-

229 2192 423 2240 tionem
470 2205 572 2243 non
619 2192 780 2245 minus
818 2206 959 2251 esse,
999 2206 1144 2254 quam
1184 2195 1365 2239 statum
1403 2194 1456 2237 et
1492 2189 1726 2252 quietem.
1795 2187 1908 2238 Ve-

231 2276 343 2318 rum
383 2261 514 2311 enim
551 2277 672 2309 vero
709 2262 792 2314 hic
831 2263 975 2311 nobis
1013 2262 1245 2312 oboritur-
1281 2275 1404 2308 nova
1443 2259 1712 2308 difficultas
1750 2273 1909 2322 eaque

233 2332 436 2388 minime
469 2332 593 2387 levis
631 2338 719 2387 aut
755 2333 946 2397 exigua.
1020 2332 1146 2381 Nam
1182 2337 1349 2386 motus
1383 2335 1436 2386 et
1472 2332 1612 2395 quies
1649 2346 1797 2394 quum
1826 2344 1908 2378 res

234 2403 335 2453 sint
385 2402 533 2467 plane
580 2404 888 2464 contrariae,
930 2408 1098 2453 tamen
1135 2403 1366 2466 utrique,
1403 2406 1582 2466 utpote
1618 2401 1746 2448 ideis
1783 2415 1910 2463 quae

232 2487 356 2522 vere
391 2477 523 2532 sunt,
561 2474 765 2556 pariter·
785 2467 849 2523 τὸ
888 2470 1029 2523 εἶναι
1063 2474 1325 2537 proprium
1369 2487 1482 2520 esse
1505 2470 1712 2525 iudicari
1740 2471 1908 2524 debet,

233 2542 308 2601 Et
353 2548 522 2597 tamen
567 2541 701 2601 istud
749 2544 940 2610 ipsum,
990 2543 1118 2615 quod
1173 2559 1316 2597 esse
1353 2541 1590 2602 dicimus,
1636 2557 1811 2591 rursus
1848 2542 1911 2590 ab

238 2619 456 2688 utroque
500 2613 618 2676 illo,
669 2619 722 2662 et
756 2619 896 2671 motu
934 2618 987 2663 et
1022 2614 1217 2678 quiete,
1255 2614 1504 2662 diversum
1540 2612 1763 2663 videtur·
1798 2627 1912 2661 nam

239 2700 391 2749 quum
440 2700 589 2734 esse
639 2685 848 2742 dicimus
886 2700 1005 2740 sane
1042 2684 1174 2741 aliud
1210 2683 1326 2748 qnid
1363 2684 1573 2738 dicimus
1610 2697 1753 2749 quam
1792 2697 1912 2731 mo·-

238 2757 380 2813 veri
428 2761 514 2811 aut
565 2757 914 2820 quiescere.
987 2755 1160 2821 Itaque
1208 2749 1271 2805 τὸ
1327 2747 1391 2805 ὄν
1434 2757 1641 2804 tertium
1681 2754 1912 2819 quiddam

242 2831 324 2877 est
360 2827 421 2876 ab
460 2831 676 2890 utroque
712 2828 799 2883 illo
836 2827 1114 2888 diversum,
1161 2827 1295 2894 quod
1329 2831 1494 2879 tamen
1531 2832 1583 2875 et
1618 2826 1826 2875 motioni
1861 2829 1914 2877 et

242 2897 400 2961 quieti
449 2913 712 2954 commune
758 2899 850 2959 sit,
896 2899 1017 2954 lieet
1063 2899 1227 2963 ipsum
1266 2912 1359 2962 per
1396 2913 1452 2950 se
1487 2913 1650 2962 neque
1686 2902 1790 2945 stet
1826 2910 1913 2944 ne·-

241 2984 340 3031 que
377 2974 646 3019 moveatur.
718 2969 908 3020 Verum
944 2970 994 3017 in
1030 2968 1129 3025 hoc
1163 2969 1276 3033 ipso
1295 2968 1420 3017 latet
1441 2967 1727 3016 difficultas
1787 2965 1912 3015 Nam

244 3040 286 3085 si
323 3040 439 3103 quid
471 3055 568 3088 non
605 3045 851 3101 movetur,
891 3039 1058 3104 quidni
1095 3041 1233 3089 stet?
1271 3043 1324 3087 et
1360 3039 1402 3087 si
1439 3042 1556 3102 quid
1592 3038 1727 3088 nullo
1764 3037 1912 3091 modo

245 3114 372 3167 stat,
421 3110 588 3175 quidni
636 3118 810 3160 contra
848 3111 1142 3160 moveatur?
1214 3109 1343 3159 Num
1388 3110 1542 3173 igitur
1577 3110 1687 3158 fieri
1722 3104 1911 3172 potest,

244 3185 302 3225 ut
348 3179 396 3226 id
446 3182 580 3243 quod
626 3187 731 3229 est
782 3187 923 3238 extra
970 3187 1158 3231 motum
1211 3185 1265 3229 et
1302 3181 1519 3244 quietem
1558 3198 1647 3245 po
1633 3181 1770 3228 itum
1810 3179 1914 3226 sit}

246 3247 386 3296 Ilaec
438 3266 556 3299 xero
616 3251 887 3307 difficultas
926 3258 1066 3301 certe
1105 3267 1201 3300 uon
1238 3252 1396 3299 minor
1434 3260 1513 3302 est
1550 3266 1688 3322 quam
1726 3249 1825 3308 illa
1863 3249 1914 3295 in

224 3334 394 3438 q‘qam
433 3322 701 3455 ἐξεδέξω
744 3339 880 3379 non-
858 3329 1009 3374 -ente
1058 3325 1370 3396 disputantes
1408 3324 1681 3379 incidimus.
1731 3317 1914 3391 (usqne

250 3406 277 3437 Β
346 3405 397 3457 P·
