2028 3750
659 223 747 275 AD
785 219 1192 276 SOPHISTAM.
1695 217 1767 268 4³

95 383 282 432 genera
303 384 331 417 a
356 367 564 432 singulis
587 366 810 428 differre,
845 365 1235 428 unumquodque
1261 356 1439 413 autem
1459 358 1511 408 iu
1549 374 1606 407 se
1645 374 1764 409 con-

95 441 370 488 sideratum
417 456 510 503 per
555 455 611 487 se
661 453 887 487 seorsum
937 442 1169 485 constare
1205 449 1263 484 ac
1300 435 1380 484 sui
1414 447 1617 497 semper
1652 446 1769 479 esse

96 512 278 562 simile.
348 511 430 560 Ex
463 526 560 573 quo
597 509 795 558 ducitur
831 509 1100 558 discrimen
1133 505 1235 557 τοῦ
1271 499 1435 564 ὄντος
1469 507 1523 550 et
1557 501 1658 552 τοῦ
1691 519 1726 567 μ
1739 494 1767 562 ὴ

98 575 276 640 ὄντος.
371 581 497 630 Nam
559 586 800 643 quatenus
850 578 966 643 quid
1025 581 1086 628 ab
1133 578 1296 626 altero
1357 577 1608 625 diversum
1670 578 1768 633 est,

98 651 282 701 dicitur
317 668 438 702 non
477 668 654 711 esse3
701 666 866 714 neque
903 650 1035 698 enim
1077 653 1157 698 est
1190 648 1323 698 idem
1362 644 1491 711 quod
1527 645 1768 693 alterum:

98 728 341 787 quatenus
372 738 506 770 -vero
554 722 605 770 in
653 738 709 771 se
760 725 1045 786 spectatur,
1106 735 1256 768 esse
1307 733 1508 782 semper
1563 714 1774 764 iudicari

96 794 262 842 debet.
335 794 621 856 Quanquam
671 793 886 841 alterum
933 807 1043 838 cum
1093 790 1253 838 altero
1292 789 1614 846 arctissimam
1653 800 1774 835 sane

98 864 254 913 habet
287 866 699 913 coniunctionem.
771 863 897 912 Nam
934 862 1059 910 illud
1092 863 1286 925 ipsum,
1323 861 1457 922 quod
1493 873 1612 906 non
1651 862 1771 917 est,

99 942 268 984 tamen
305 941 549 999 quatenus
584 934 634 982 id
681 935 846 999 ipsum
894 948 1010 981 esse
1046 936 1278 996 putatur,
1324 931 1375 979 in
1412 947 1467 979 se
1502 929 1655 976 habet
1691 943 1774 977 es·-

101 1008 341 1065 sentiam3
385 1022 444 1054 ac
478 1006 698 1054 vicissim
733 1005 787 1053 id
823 1005 957 1066 quod
996 1018 1145 1051 esse
1181 1003 1421 1061 dicimus,
1468 1000 1580 1064 quia
1628 1001 1774 1048 innu-

99 1070 268 1126 meris‘
291 1077 449 1124 modis
486 1076 546 1123 ab
586 1076 693 1123 aliis
727 1079 900 1140 potest
937 1075 1226 1137 discrepare
1279 1070 1478 1139 (omnes
1515 1071 1644 1118 enim
1681 1085 1774 1118 no·-

100 1149 265 1197 tiones
313 1147 374 1195 ab
412 1147 522 1195 eliis
561 1141 906 1212 discrepant),
953 1151 1007 1192 et
1053 1144 1257 1192 infinitis
1294 1143 1453 1191 modis
1490 1158 1608 1189 non
1649 1145 1776 1191 est.

102 1219 215 1282 Quo
260 1233 360 1267 nou
413 1222 684 1283 perspecto
722 1216 1049 1264 Secherus
1101 1216 1151 1263 in
1208 1214 1468 1262 iudicanda
1506 1211 1776 1276 Sophistae

102 1291 265 1340 nostri
299 1289 400 1338 fide
438 1294 492 1338 et
530 1290 829 1338 auctoritate
864 1303 1038 1345 rursus
1076 1287 1178 1334 ruit
1213 1286 1438 1333 mirifice.
1511 1283 1775 1333 Platonem

103 1363 237 1410 euim
272 1360 394 1415 dicit:
427 1354 490 1411 τὸ
527 1352 601 1427 μὴ
641 1352 704 1410 ὄν
743 1361 817 1419 ei,
854 1359 988 1422 quod
1026 1374 1088 1407 es
1106 1373 1170 1405 se
1208 1361 1429 1420 putetur,
1465 1355 1534 1407 ita
1572 1369 1776 1418 semper
1812 1349 1815 1355 ’

104 1447 366 1498 opponere
397 1431 599 1493 solere,
636 1435 691 1479 ut
727 1429 1040 1494 cogitandum
1081 1429 1146 1477 sit
1181 1427 1244 1477 de
1281 1427 1567 1475 discrimine
1603 1441 1778 1474 eorum

77 1520 234 1573 quae
283 1504 542 1563 oriuntur,
608 1505 825 1566 pereunt
869 1515 926 1548 ac
980 1500 1207 1550 sensibus
1259 1502 1561 1557 noscuntur,
1626 1501 1777 1559 atque

105 1590 276 1624 rerum
315 1575 587 1629 divinarum
624 1574 729 1622 sive
763 1573 1017 1632 idearum,
1057 1587 1184 1635 quae
1221 1571 1380 1619 omnis
1423 1568 1778 1618 vicissitudinis

108 1650 342 1711 expertes
379 1660 556 1698 revera
592 1649 709 1698 sunt
742 1650 796 1692 et
832 1659 927 1691 uua
962 1647 1131 1691 mente
1167 1657 1223 1689 ac
1255 1642 1451 1689 ratione
1490 1640 1778 1704 percipiun-

109 1721 209 1767 tur.
282 1715 352 1764 Et
398 1732 518 1765 saue
551 1731 734 1772 ,verum
787 1718 868 1763 est
923 1712 1278 1779 philosophum
1330 1712 1476 1761 iniis
1514 1711 1678 1770 fibris,
1727 1710 1782 1761 in

109 1789 291 1852 quibus
339 1787 545 1852 exponit
588 1787 653 1835 de
698 1785 827 1834 ideis
873 1789 1104 1850 tauquam
1151 1784 1303 1832 rebus
1358 1780 1781 1849 adspectabilibns

111 1859 311 1910 omnino
350 1858 617 1924 oppositis,
653 1856 781 1905 hanc
817 1872 963 1910 unam
985 1856 1231 1904 rationem
1267 1855 1477 1903 maxime
1512 1853 1654 1917 sequi
1690 1866 1781 1900 so-

107 1930 232 1983 lere.
305 1925 541 1981 At'euim
573 1943 695 1977 vero
725 1927 842 1976 iude
879 1927 1256 1991 haudquaquam
1281 1926 1506 1989 sequitur
1540 1924 1607 1984 id,
1646 1922 1782 1987 quod

109 2001 266 2052 voluit
303 1999 651 2052 SecheruS.
721 1998 847 2048 Nam
884 1993 948 2049 τὸ
984 1992 1060 2064 μὴ
1099 1992 1164 2048 ὅν
1201 2013 1293 2062 pro
1333 1995 1663 2062 oppositionis
1698 2011 1780 2042 ra·-

107 2073 248 2126 tioue
284 2073 554 2120 secuudum
589 2071 753 2135 ipsum
791 2070 1048 2121 Platonem
1085 2069 1218 2117 varia
1253 2073 1404 2132 atque
1437 2067 1594 2115 multa
1627 2065 1783 2128 signi-

109 2143 260 2193 ficat:
306 2143 628 2208 quamobrem
675 2142 725 2190 iu
776 2141 985 2205 singulis
1022 2141 1128 2193 eius
1167 2140 1399 2204 scriptis,
1451 2138 1552 2186 imo
1588 2137 1638 2186 in
1675 2137 1782 2185 sin·-

111 2214 241 2279 gulis
291 2214 401 2268 fere
448 2213 574 2262 locis
620 2212 884 2261 videndum
937 2216 1043 2272 est,
1103 2226 1340 2275 quorsum
1387 2210 1562 2258 tendat
1622 2208 1781 2257 omnis

112 2287 205 2337 viri
242 2286 541 2351 disputatio,
592 2300 688 2350 qua
739 2300 836 2334 una
877 2299 935 2331 re
971 2283 1180 2337 maxime
1234 2281 1294 2330 ad
1330 2281 1436 2330 veri
1470 2279 1782 2346 perspicien-

113 2357 234 2410 tiam
269 2355 603 2421 perducimur.
674 2355 742 2405 Et
788 2356 840 2408 iu
875 2355 937 2405 iis
976 2353 1172 2419 quidem
1209 2353 1379 2413 libris,
1426 2353 1477 2400 in
1516 2352 1693 2415 quibus
1730 2351 1787 2402 id

113 2428 325 2478 maxime
362 2429 494 2492 egit,
542 2433 599 2476 ut
647 2427 712 2475 de
755 2426 979 2481 idearum
1024 2421 1300 2477 rationibus
1337 2428 1489 2488 atque
1525 2422 1785 2471 dialectICa

115 2505 393 2567 exponeret
440 2498 700 2558 subtilius,
761 2496 892 2563 quod
941 2498 1103 2563 ipsum
1152 2495 1277 2545 fecit
1324 2495 1374 2547 iu
1433 2494 1674 2563 Sophista
1726 2509 1784 2540 ac

114 2569 441 2631 Parmenide,
499 2569 734 2638 profecto
793 2569 971 2618 mirum
1029 2567 1187 2616 videri
1241 2581 1339 2614 nou
1389 2571 1586 2630 potest,
1652 2565 1785 2627 quod

114 2639 216 2691 τοῦ
266 2632 428 2697 ὅντο,ι
474 2641 519 2687 vi
568 2645 844 2704 naturaque
902 2641 1181 2690 accuratius
1238 2637 1574 2707 pervestigata
1634 2636 1786 2683 etiam

117 2711 213 2759 alia
254 2707 355 2759 τοῦ
403 2702 565 2769 ὄντος
602 2717 656 2758 et
691 2710 791 2758 τοῦ
824 2703 900 2773 μὴ
951 2704 1112 2768 ὄντος
1162 2708 1444 2761 discrimina
1493 2706 1663 2770 posuit
1709 2709 1785 2753 at-

119 2797 218 2847 que
265 2780 389 2828 facit
448 2781 497 2829 iu
548 2780 777 2862 populari
828 2780 913 2834 illa
961 2781 1218 2831 doctrinae
1279 2795 1398 2828 suae
1459 2776 1786 2845 expositione.

120 2851 366 2915 Quocirca
412 2866 542 2899 nnuc
578 2868 640 2900 το
678 2843 754 2914 μὴ
789 2843 856 2899 ὅν
891 2851 1042 2898 etiam
1081 2851 1153 2899 sic
1201 2850 1353 2909 dixit,
1400 2854 1457 2900 ut
1501 2849 1564 2895 de
1614 2862 1786 2895 esseu-

121 2925 222 2975 tiae
261 2921 542 2972 differentia
579 2920 790 2985 cogitari
825 2921 1004 2969 vellet:
1051 2936 1215 2983 neque
1261 2921 1392 2968 enim
1430 2919 1552 2967 illud
1590 2917 1788 2983 simpli-

120 2995 249 3043 citer
295 2991 374 3056 τῷ
419 2986 538 3041 ὄντι,
589 2991 854 3056 opposuit,
904 2991 994 3040 sed
1041 2991 1290 3039 intellexit
1337 2991 1418 3050 id,
1470 2990 1601 3054 quod
1650 2992 1788 3038 esset

122 3065 338 3130 quidem,
377 3063 465 3111 sed
504 3061 635 3125 quod
671 3077 772 3111 non
795 3061 896 3109 tale
932 3066 1088 3120 esset,
1127 3062 1269 3124 quale
1306 3061 1436 3109 aliud
1475 3060 1605 3124 quid.
1661 3060 1788 3108 Nam

121 3143 179 3187 ut
228 3136 327 3183 hoc
373 3134 440 3181 ita
490 3138 768 3193 statueret,
825 3133 984 3180 suasit
1029 3132 1153 3180 illud
1193 3133 1381 3197 ipsum,-
1442 3133 1570 3195 quod
1617 3130 1790 3180 subtili

122 3206 418 3272 quaestione
469 3205 640 3267 utique
689 3203 989 3268 exploravit,
1047 3203 1186 3251 ideas
1235 3204 1367 3252 varia
1415 3219 1471 3251 ac
1527 3201 1790 3268 multiplici

122 3280 315 3328 ratione
353 3293 409 3324 ac
445 3275 813 3324 necessitudine
847 3275 980 3322 inter
1014 3273 1147 3337 ipsas
1185 3275 1446 3325 contineri.
1517 3275 1792 3338 Utriusque

123 3349 402 3398 nou-entis
467 3347 734 3394 discrimen
781 3344 1112 3410 philosophus
1170 3345 1281 3410 ipse
1334 3345 1554 3394 breviier
1600 3345 1789 3409 signiti-

125 3422 255 3470 cavit
296 3421 345 3468 in
392 3416 685 3467 l’armeuide
734 3433 783 3481 p.
835 3417 954 3465 160.
993 3416 1049 3465 C.
1086 3418 1139 3465 et
1174 3432 1223 3481 p.
1262 3417 1379 3467 163.
1413 3416 1474 3469 B.
1513 3416 1566 3466 C.
1615 3422 1791 3480 postea
