2028 3750
183 178 254 227 eo
759 139 765 145 ξ
822 175 1234 227 PLA'roms

180 334 282 371 νον
317 312 551 386 ἄγομεν,
594 311 659 368 τὸ
696 316 799 383 μὲν
843 318 1006 382 γένος
1053 311 1351 391 ἐξἘλέας,
1399 321 1618 391 ἑταῖρον
1653 323 1712 376 δὲ
1749 322 1862 376 τῶν

181 400 333 474 ἀμφὶ
368 400 735 472 ΙΙαρμενίδην·
765 399 859 453 καὶ
894 394 1123 464 Ζήνωνα
1162 402 1460 476 [ἑταίρων],
1493 400 1644 474 μάλα
1680 406 1739 460 δὲ
1772 403 1862 461 ἄν·

182 485 290 558 δρα
325 480 663 558 φιλόσοφον.

322 567 453 622 ΣΩ.
517 560 635 639 Ἆρ’
678 560 808 630 οὖν,
847 559 889 621 ὦ
938 565 1216 642 Θεόδωρε,
1265 568 1330 624 οὐ
1368 570 1528 638 ξένον
1562 570 1704 627 ἀλλά
1739 593 1864 627 τινα

179 647 328 705 θεὸν
362 646 512 718 ἄγων
549 647 688 705 κατὰ
723 647 824 704 τὸν
857 648 1112 724 Ὀμήρου
1146 649 1317 724 λόγον
1341 657 1620 722 λέληθαςς
1661 655 1724 721 ὅς
1761 678 1861 730 φη-

93 754 136 805 Β
185 756 274 792 σιν
325 731 526 799 ἄλλους
567 756 626 789 τε
675 732 854 799 θεοὺς
901 747 1019 800 τοῖς
1065 735 1421 809 ἀνθρώποις,
1468 739 1671 796 ὁπόσοι
1712 746 1862 812 μετέ·

177 840 375 894 χουσιν
431 821 626 884 αἰδοῦς
678 821 925 886 δικαίας,
973 825 1067 879 καὶ
1115 818 1182 889 δὴ
1229 825 1323 878 καὶ
1369 821 1470 879 τὸν
1515 826 1698 893 ξένιον
1759 825 1860 899 οὐχ

175 904 376 972 ἥκιστα
412 900 559 971 θεὸν
596 901 915 960 συνοπαδὸν
939 904 1268 977 γιγνόμενον
1289 906 1476 983 ὕβρεις
1499 931 1557 965 τε
1587 914 1681 966 καὶ
1715 909 1861 966 εὐνο-

121 1002 139 1027 ‘·
172 995 306 1062 μίας
341 992 450 1048 τῶν
486 988 811 1065 ἀνθρώπων
861 993 1140 1066 καθορᾶν.
1190 989 1314 1066 τάχ’
1368 987 1470 1049 οὖν
1512 990 1584 1050 ἂν
1629 998 1724 1052 καὶ
1770 1000 1861 1052 σοι’

287 1202 519 1259 ἓταῖρον
547 1203 604 1245 δὲ
631 1203 738 1245 τῶν
765 1201 909 1262 ἀμφὶ
935 1206 1031 1259 Π.]
1073 1207 1188 1253 Vett.
1233 1205 1353 1250 editt.
1393 1206 1536 1260 ἕτερον
1565 1207 1610 1249 δὲ
1635 1207 1719 1252 τῶν
1745 1204 1860 1264 ἆμφὶ

173 1260 236 1305 Π.
267 1261 337 1302 καὶ
365 1260 545 1313 Ζήνωνα
574 1262 763 1315 ἑταίρων.
822 1263 942 1307 Istud
970 1262 1114 1319 ἕτερον
1141 1269 1258 1307 recte
1294 1264 1522 1306 Cornarius
1551 1265 1657 1308 vidit
1674 1267 1715 1307 in
1741 1266 1860 1308 ἑταῖ-
1918 1304 1929 1313 ,

128 1365 154 1374 „.
176 1333 253 1370 ρον
283 1319 437 1360 mutari
467 1323 691 1372 oportere,
721 1318 848 1371 idque
880 1322 1083 1376 scriptum
1116 1321 1316 1363 exhibent
1345 1321 1471 1363 Bodl.
1505 1322 1636 1364 Coisl.
1671 1323 1770 1366 Vat,
1801 1323 1855 1365 A.

174 1375 282 1419 Ven-
312 1376 404 1419 ΛΞ
415 1375 474 1416 Π.
507 1375 606 1418 Par.
639 1374 699 1426 B„
728 1380 772 1417 et
803 1390 856 1418 ex
887 1391 965 1424 em.
997 1379 1051 1421 E.
1082 1377 1200 1423 Flor.
1233 1391 1268 1419 a.
1297 1378 1337 1418 b.
1360 1391 1396 1418 c.
1427 1379 1453 1419 i.
1513 1379 1604 1420 Pro
1630 1376 1711 1420 τῶν
1727 1380 1855 1422 Bodl.

173 1430 277 1483 τόν,
309 1432 530 1474 mendose.
588 1432 709 1474 Idem
739 1437 883 1479 tamen
899 1434 1049 1476 Bastio
1069 1439 1181 1477 teste
1211 1435 1341 1476 etiam
1369 1435 1466 1476 Vat.
1490 1434 1540 1477 A.
1565 1436 1702 1479 habet.
1743 1435 1857 1483 Tum

174 1493 293 1535 recte
328 1488 554 1531 Fischerus
593 1489 758 1531 censuit
794 1491 972 1547 ἑταίρων
1009 1507 1033 1534 e
1071 1493 1332 1546 glossemate
1362 1497 1507 1533 natum
1540 1505 1650 1536 esse.
1707 1493 1859 1547 Neque

175 1546 288 1589 enim
317 1547 537 1599 quisquam
568 1547 736 1588 Graece
777 1547 932 1594 dixerit
966 1549 1136 1603 ἑταῖρος
1163 1550 1247 1591 τῶν
1274 1549 1372 1604 περὶ
1408 1562 1442 1589 s.
1474 1547 1589 1604 ἀμφί
1613 1564 1711 1590 τινα
1741 1549 1858 1591 ἑταί-

174 1617 272 1657 ρων.
332 1602 547 1646 Fraudem
588 1604 727 1658 arguit
769 1605 896 1650 etiam
933 1605 1094 1652 incerta
1122 1607 1315 1650 vocabuli
1343 1606 1495 1658 sedes3
1526 1619 1624 1648 nam
1652 1606 1758 1651 Ven.
1793 1606 1853 1653 A.

173 1659 291 1703 Flor.
326 1660 366 1702 b.
397 1660 424 1702 i.
462 1665 528 1703 est
557 1658 638 1702 τῶν
667 1657 779 1716 ἀμφὶ
804 1661 1082 1719 Παρμενίδην
1109 1662 1288 1720 ἑταίρων
1314 1663 1384 1704 καὶ
1414 1662 1609 1716 Ζήνωνα.

289 1741 428 1800 ἀμφὶ
467 1744 849 1801 Παρμενίδην]
899 1747 1201 1802 Παρμενείδην
1240 1747 1370 1790 Bodl.
1399 1753 1447 1788 ut
1475 1759 1578 1789 mox
1606 1762 1648 1802 p.
1682 1751 1766 1788 217
1803 1748 1852 1790 C.

171 1801 460 1860 Παρμενείδη.
498 1808 542 1845 et
578 1803 826 1850 Parmenid.
861 1818 905 1863 p.
939 1809 1037 1851 126.
1070 1806 1120 1850 C.
1152 1806 1208 1848 de
1237 1817 1320 1858 qua
1349 1806 1558 1859 scriptura
1587 1805 1783 1850 vocabuli
1810 1818 1852 1849 v.

171 1973 248 2016 tati
268 1978 369 2016 tuae
393 1974 705 2020 convenienter.
766 1976 970 2021 Similiter

171 2032 319 2085 Symp.
371 2045 411 2085 p.
454 2035 550 2076 182.
592 2033 645 2076 A.
694 2036 877 2088 κοσμίως
921 2049 970 2088 γε

169 2089 246 2128 καὶ
263 2089 451 2143 νομίμως
471 2086 620 2129 ὁτιοῦν
637 2092 818 2146 πρᾶγμα
833 2107 971 2146 πρατ-

168 2141 364 2199 τόμενον.
423 2147 611 2188 Prorsus
653 2148 806 2189 eodem
841 2149 972 2190 modo

175 2201 472 2255 Aeschylus
512 2204 636 2247 Pers.
679 2217 716 2245 v.
758 2209 855 2249 380.
901 2205 968 2249 ed.

175 2258 335 2300 Blomf.
368 2261 412 2300 οἱ
440 2256 480 2301 δ’
514 2256 593 2301 οὐκ
621 2257 834 2315 ἀκόσμως,
865 2259 971 2303 ἀλλὰ

172 2313 407 2369 πειθάρχῳ
439 2318 560 2369 φρενὶ
578 2316 744 2358 δεῖπνόν
775 2317 820 2359 τ’
841 2320 971 2371 ἔπορ-

174 2369 371 2417 σύνοντο.
422 2373 528 2414 lbid.
558 2386 598 2414 v.
629 2378 724 2415 405.
754 2371 806 2415 τὸ
835 2374 974 2422 δεξιὸν

174 2432 253 2486 μὲν
281 2428 445 2484 πρῶτον
463 2426 671 2478 εὐιάκτως
690 2432 810 2487 κέρας
830 2431 971 2486 ἡγεῖτο

171 2481 345 2540 κόσμῳ,
379 2482 579 2542 δεύτερον
608 2483 656 2527 δ’
694 2484 717 2528 ὅ
748 2489 833 2535 πᾶς
868 2485 970 2530 στό-

173 2542 249 2590 λος
269 2541 517 2610 ἐπεξεχώρει.
539 2544 789 2596 Agamemn.
809 2558 848 2590 v.
872 2551 966 2586 5⁰4.

172 2599 363 2644 δέξασθε
406 2613 549 2654 κοσμῳ
602 2602 785 2653 βασιλέα
831 2601 973 2655 πολλῷ

171 2653 329 2711 χρόνῳ.
365 2670 493 2710 quem
520 2659 662 2700 locum
691 2662 854 2703 temere
885 2661 971 2702 sol-

171 2714 400 2758 licitarunt.

228 2771 455 2822 ἑταῖρον
484 2770 536 2813 δὲ
563 2771 662 2812 τῶν
687 2771 771 2826 -J
820 2771 975 2812 Fuisse

170 2827 301 2880 igitur
339 2827 493 2869 dicitur
530 2834 766 2871 assectator
794 2829 973 2870 Parme-

171 2884 281 2926 nidis
320 2889 365 2926 et
399 2885 612 2937 Zenonis,
655 2886 692 2929 h.
729 2899 767 2928 e.
807 2886 973 2927 Eleati-

172 2954 251 2981 cae
282 2940 498 2983 doctrinae
529 2944 713 2988 amicus..
747 2942 824 2985 sed
856 2942 973 2983 idem

173 2996 406 3038 disserendi
443 3000 735 3041 consuetudini
763 3001 823 3044 ita
852 2998 972 3040 dedi-

171 3056 259 3103 tus,
288 3059 336 3094 ut
363 3056 518 3096 ceteris
550 3062 665 3098 esset
693 3056 968 3098 moderatior.

172 3109 466 3152 Quamobrem
519 3114 645 3155 etiam
688 3113 819 3167 ipsius
862 3112 972 3154 Par-

171 3166 354 3207 menidis
397 3167 613 3219 opiniones
643 3183 728 3212 non
757 3174 844 3211 tam
873 3181 972 3222 per-

173 3221 366 3264 tinaciter
395 3223 606 3278 defendit,
647 3230 696 3268 ut
724 3225 823 3268 nihil
850 3226 893 3268 in
923 3225 974 3266 iis

171 3277 422 3321 mutandum
451 3286 638 3331 censeat,
670 3282 747 3324 sed
778 3283 871 3336 ipse
899 3295 974 3324 eas

174 3333 349 3387 corrigit
388 3334 469 3386 ita,
509 3342 558 3379 ut
585 3338 639 3380 ad
677 3339 869 3386 Platonis
909 3339 974 3385 in·-

174 3391 396 3436 flectautur
422 3395 685 3442 sententiam.

1105 1972 1216 2034 Ἆρ’
1258 1971 1352 2017 οὖν
1380 1997 1435 2006 —-
1468 1975 1728 2032 λέληθας]
1762 1977 1854 2022 Le·-

1053 2034 1163 2076 niter
1202 2037 1246 2076 et
1274 2034 1434 2075 urbane
1464 2035 1686 2076 cavillatur
1715 2034 1852 2078 disse-

1054 2091 1175 2133 rendi
1205 2091 1387 2141 rabiem,
1418 2103 1500 2142 qua
1532 2092 1603 2144 qui
1632 2092 1852 2141 Parmeni-

1056 2148 1121 2188 dis
1160 2151 1204 2189 et
1248 2147 1436 2188 Zenonis
1475 2148 1681 2190 rationem
1711 2155 1851 2190 secta-

1055 2205 1230 2254 bantur,
1261 2217 1397 2257 paene
1425 2207 1604 2258 flagrare
1633 2206 1712 2246 visi
1741 2210 1853 2253 sunt.

1053 2261 1164 2306 Nam
1203 2261 1324 2302 Zeno
1362 2261 1453 2314 ipse
1495 2262 1618 2303 sicuti
1655 2275 1681 2302 a
1709 2263 1853 2304 multis

1054 2318 1297 2360 dialecticae
1326 2319 1427 2360 artis
1447 2323 1594 2362 auctor
1621 2323 1748 2372 atque
1776 2333 1853 2373 pa-

1053 2388 1152 2417 rens
1213 2373 1379 2416 habitus
1441 2380 1520 2416 est.
1601 2387 1640 2416 v.
1699 2375 1849 2420 Sext.

1051 2432 1146 2474 Em
1159 2445 1200 2485 p.
1258 2432 1368 2474 adv.
1419 2431 1622 2474 Mathem.
1669 2431 1761 2475 Vll.
1808 2435 1849 2471 7.

1053 2489 1210 2542 Diog.
1273 2488 1453 2529 Laert.
1504 2487 1580 2531 lX.
1629 2492 1698 2531 25.
1749 2491 1846 2532 coll.

1054 2545 1166 2586 vlu.
1202 2548 1295 2590 57...
1326 2545 1384 2586 ita
1414 2545 1483 2597 qui
1511 2544 1747 2587 Eleaticum
1780 2558 1852 2588 ra-

1055 2602 1215 2642 tionem
1244 2600 1437 2642 Platonis
1467 2606 1608 2644 aetate
1635 2603 1852 2656 amplexa-

1055 2659 1220 2709 bantur,
1253 2656 1292 2701 h.
1327 2672 1362 2701 e.
1396 2658 1616 2711 Megarici,
1646 2663 1767 2701 tanto
1789 2659 1853 2700 inv-

1058 2714 1174 2756 censi
1222 2720 1342 2756 erant
1390 2716 1452 2756 dis
1486 2716 1628 2758 utandi
1682 2715 1851 2768 ardore,

1057 2777 1105 2812 ut
1132 2773 1213 2812 iam
1258 2777 1422 2813 mature
1452 2729 1731 2814 Elristicorum
1773 2786 1855 2815 no·-

1057 2829 1171 2870 mine
1195 2828 1473 2872 afficerentur.
1505 2842 1546 2872 v,
1577 2830 1614 2871 D
1631 2830 1852 2882 eyksius

1056 2886 1123 2928 De
1151 2885 1379 2936 Megaricis
1412 2899 1449 2938 p.
1474 2891 1498 2926 ‘1
1517 2899 1578 2938 sq.
1638 2885 1852 2929 Narniam

1056 2943 1098 2987 in
1144 2941 1345 2994 Euclide,
1395 2941 1564 2984 scholae
1609 2942 1852 2994 Megaricae

1056 2998 1303 3051 conditore,
1346 2999 1565 3041 cavillandi
1606 2999 1852 3052 rixandique

1056 3054 1295 3109 cupidinem
1344 3057 1505 3099 notavit
1547 3055 1674 3098 Timo
1722 3055 1851 3097 Silio-

1056 3111 1239 3168 graphiis
1265 3113 1375 3168 apud
1405 3113 1632 3166 Diogen.
1665 3111 1845 3156 Laert.

1056 3169 1111 3212 ll.
1143 3172 1240 3213 107.
1273 3175 1318 3212 et
1344 3170 1558 3223 Diogenes
1587 3169 1848 3222 Sinopensis,

1056 3225 1129 3279 qui
1156 3231 1270 3268 teste
1297 3226 1526 3268 Laertio
1562 3225 1631 3269 Vl.
1660 3229 1728 3267 24.
1759 3222 1850 3266 Εὑ-

1056 3282 1221 3325 κλείδου
1261 3281 1419 3336 σχολήν
1455 3285 1567 3325 salse
1611 3282 1850 3335 appellabat

1058 3337 1290 3382 Εὐκλείδου
1343 3337 1486 3392 χολήν.
1504 3368 1516 3381 .
1560 3338 1676 3381 Quid
1733 3338 1846 3391 quod

1059 3409 1157 3442 eum
1192 3397 1286 3452 ipse
1327 3397 1529 3440 Socrates
1568 3407 1735 3449 quoque
1768 3394 1848 3439 hoc
