2028 3750
665 208 754 261 AD
791 206 1198 262 SOPHISTAM.
1711 209 1781 262 41
1835 216 1840 226 ⁴

100 350 533 416 amplecterentur.
572 366 615 399 ν.
654 367 783 416 quae
821 350 885 401 de
920 349 1001 400 his
1035 352 1190 401 rebus
1205 350 1535 416 'exposuimus
1570 349 1631 400 ad
1657 348 1781 400 Par-

99 436 230 471 men.
267 420 506 488 Prolegg.
542 422 697 472 Libro
733 422 792 473 11.
830 438 874 473 c.
911 421 961 481 2,
997 437 1046 487 p.
1082 422 1189 472 269
1225 437 1335 488 sqq.
1403 419 1596 472 Verum
1633 422 1784 472 sicuti

100 493 282 542 mentis
329 492 576 543 humanae
621 495 949 559 cogitationes
1005 508 1106 544 non
1153 498 1272 543 sunt
1322 493 1556 557 quietae,
1611 507 1782 554 vanae,

100 563 302 623 inanes,
350 571 611 626 mortuae,
663 565 754 615 sed
789 566 899 629 eius
944 564 1043 615 vim
1078 564 1501 630 agitationemque
1535 562 1784 624 referunt,

101 634 172 683 ita
206 635 400 686 divinae
435 638 619 686 mentis
661 638 736 687 vis
790 642 846 686 et
878 637 1108 700 potentia
1142 637 1293 685 etiam
1329 635 1381 685 in
1419 635 1548 686 ideis
1583 637 1783 701 conspi⁴

103 720 196 753 cua
242 710 339 755 est.
412 707 552 771 Quae
602 722 701 759 non
749 707 912 758 solum
954 722 1159 772 semper
1206 708 1269 756 ad
1315 705 1502 772 aliquid
1551 708 1783 768 tendunt,

100 790 275 826 ⁴verum
307 777 455 828 etiam
494 793 691 828 omnem
727 780 994 830 essentiam
1030 779 1082 829 in
1119 793 1176 827 se
1211 777 1639 843 complectuntur;
1683 779 1786 828 imo

101 846 298 897 fontem
337 864 395 898 ac
428 851 728 915 principium
765 850 925 901 omnis
959 848 1199 899 scientiae
1226 864 1449 914 perenne
1485 850 1535 898 in
1571 865 1628 899 se
1650 865 1785 899 com-.

103 919 439 983 prehendunt.
511 920 637 971 Nam
674 922 826 971 animi
874 920 1076 970 humani
1111 936 1261 983 quum
1299 919 1492 970 divinae
1529 921 1629 970 sint
1665 938 1786 987 par-

102 990 289 1039 ticulae
337 1006 518 1051 aurae,
565 991 686 1042 olim
730 990 863 1057 apud
907 990 1071 1041 Deum
1118 991 1283 1056 ipsum
1329 991 1553 1041 viventes
1615 1009 1786 1055 earum

102 1060 382 1110 hauserunt
439 1062 700 1124 notitiam,
766 1063 870 1112 imo
925 1061 1202 1128 participes
1265 1076 1437 1113 earum
1494 1063 1786 1115 extiterunt.

71 1193 74 1195 .
103 1130 279 1197 Itaque
314 1132 459 1181 ideae
494 1147 594 1182 nou
625 1137 818 1184 tantum
854 1149 884 1184 a
919 1134 1120 1182 numine
1155 1131 1319 1182 divino
1355 1132 1661 1198 cogitantur,
1697 1136 1790 1186 sed

103 1203 400 1268 ipsae'sunt
432 1204 826 1271 intelligentiae,
880 1204 1188 1270 sapientiae,
1235 1205 1418 1253 mentis
1455 1205 1673 1268 denique
1709 1205 1790 1255 ef-

104 1274 342 1325 fectrices
370 1276 628 1340 quaedam,
661 1282 719 1325 ut
754 1280 899 1326 recte
933 1274 1172 1342 profecto
1194 1274 1374 1340 plenae
1409 1276 1618 1329 rationis
1655 1293 1789 1338 esse,

103 1346 207 1396 imo
256 1346 406 1396 etiam
455 1363 637 1412 sapere
684 1351 837 1411 atque
880 1347 1167 1411 intelligere
1215 1346 1456 1398 dicantur.
1529 1346 1678 1399 Unde
1715 1352 1791 1398 ta·
1839 1372 1842 1374 ¹

105 1432 223 1470 men
260 1417 305 1467 si
342 1417 426 1482 qui
454 1423 699 1482 protenus
737 1417 801 1467 de
836 1418 950 1483 ipso
973 1417 1082 1468 Deo
1119 1418 1332 1485 cogitari
1364 1417 1646 1484 voluerunt,
1680 1419 1717 1470 ii
1742 1421 1795 1470 iu

106 1503 288 1554 magno
325 1489 575 1555 opinionis
612 1504 791 1542 errore
823 1490 1011 1541 versati
1046 1494 1179 1542 sunt.

249 1601 618 1668 Explicavimus
653 1602 818 1654 locum
855 1602 1202 1669 gravissimum
1236 1599 1344 1662 sic,
1391 1606 1451 1653 ut
1499 1618 1594 1654 nec
1628 1604 1793 1654 verbis

109 1673 205 1722 vim
241 1673 576 1736 intulerimuS,
610 1690 705 1724 nec
742 1674 1005 1741 systemati
1041 1673 1296 1723 doctrinae
1320 1671 1626 1738 Platonicae,
1662 1675 1795 1739 qnod

107 1742 265 1794 hodie
317 1745 575 1814 appellare
622 1745 820 1809 solent,
866 1745 968 1795 ulla
1016 1745 1070 1796 in
1115 1749 1280 1813 parte,
1311 1745 1561 1795 adversati
1609 1746 1795 1808 simus3

107 1814 160 1863 id
210 1815 343 1880 quod
392 1820 532 1869 tanto
582 1817 772 1867 certius
822 1831 1114 1867 asseverare
1161 1816 1313 1877 licet,
1361 1815 1495 1880 quod
1534 1816 1695 1866 Deum
1730 1819 1793 1867 ab

109 1885 238 1935 ideis
275 1888 549 1941 secundum
585 1887 807 1939 Platonis
844 1888 1146 1938 sententiam
1181 1889 1356 1952 utique
1392 1903 1509 1938 esse
1545 1888 1795 1938 diversum

109 1957 259 2024 plane
298 1959 612 2022 exploratum
645 1959 836 2008 habere
871 1959 1109 2009 videmur.
1180 1957 1259 2008 De
1295 1974 1389 2023 qua
1425 1975 1483 2007 re
1521 1960 1797 2010 contulisse

110 2029 314 2089 iuvabit,
352 2045 478 2094 quae
513 2046 677 2095 nuper
711 2031 762 2079 in
799 2029 1036 2095 Prolegg.
1074 2027 1134 2077 ad
1158 2016 1521 2079 Parmenidem
1556 2031 1589 2080 l.
1630 2047 1671 2080 c.
1711 2047 1796 2080 co-

111 2100 302 2164 piosius
340 2102 677 2167 exposuimus.
749 2101 1086 2167 Quamobrem
1119 2101 1218 2151 iam
1255 2101 1364 2151 sine
1398 2116 1540 2153 mora
1592 2102 1655 2152 ad
1701 2103 1796 2154 alia

111 2186 329 2237 pergere
364 2172 553 2222 licebit

251 2270 584 2356 Posteaquam
633 2271 790 2337 igitur
835 2272 1069 2355 apparuit
1113 2277 1351 2323 motum
1402 2277 1457 2323 et
1486 2273 1795 2355 quietem

112 2357 211 2391 nou
257 2343 420 2393 minus
470 2359 610 2405 esse,
659 2359 805 2408 quam
851 2343 1018 2410 ipsum
1065 2338 1130 2394 τὸ
1182 2337 1248 2395 ὅν
1294 2346 1399 2394 sive
1434 2337 1535 2407 τὴν
1573 2340 1795 2403 οὐσίαν,

113 2414 411 2479 proceditur
447 2415 563 2467 dein
597 2414 656 2463 ad
696 2416 1042 2479 quaestionem
1078 2430 1177 2465 non
1213 2416 1375 2466 minus
1411 2430 1629 2480 gravem,
1668 2432 1796 2480 quae

55 2514 64 2522 ν
115 2490 196 2533 est
243 2485 317 2535 de
365 2490 579 2536 mutua
623 2485 908 2535 idearum
954 2486 1134 2535 inter
1183 2500 1254 2535 se
1291 2488 1795 2538 coniunctione.

115 2555 255 2618 Quae
294 2557 494 2620 quidem
541 2558 592 2606 in
645 2558 937 2621 quibusnam
972 2557 1125 2606 rebus
1163 2563 1396 2607 cernatur
1434 2559 1674 2621 quibusve
1712 2574 1795 2606 re-

115 2631 263 2691 gatur
296 2628 493 2691 legibus
542 2633 692 2691 atque
726 2629 940 2689 finibus,
997 2629 1097 2678 etsi
1145 2628 1354 2678 difficile
1388 2630 1585 2678 videtur
1619 2630 1793 2691 exqui-

115 2713 260 2757 rere,
307 2703 479 2747 tamen
527 2698 757 2762 exemplo
804 2698 1029 2748 idearum
1074 2699 1178 2748 sive
1226 2701 1485 2748 notionum
1531 2699 1680 2748 modo
1718 2700 1795 2747 in·-

117 2769 473 2831 vestigatarum
512 2767 766 2817 luculente
803 2769 1100 2819 ostenditur.
1174 2771 1336 2831 Quum
1374 2771 1502 2819 enim
1542 2774 1706 2818 motus
1744 2774 1797 2819 et

120 2839 262 2902 quies
300 2840 433 2887 inter
470 2854 526 2886 se
563 2843 815 2902 pugnent,
854 2841 1078 2889 essentia
1112 2845 1277 2890 autem
1317 2841 1368 2890 in
1404 2846 1668 2906 unumque
1706 2856 1795 2904 pa·-

117 2911 246 2957 riter
282 2898 556 2969 conveinat,
594 2909 791 2958 ducitur
828 2910 946 2958 inde
970 2911 1254 2971 conclusio,
1291 2912 1422 2960 inter
1458 2911 1593 2960 ideas
1621 2925 1793 2960 omnes

118 2979 218 3030 hoc
263 2980 580 3029 intercedere
629 2979 954 3040 discriminis,
1000 2985 1057 3028 ut
1104 2981 1228 3030 aliae
1277 2983 1409 3031 inter
1445 2997 1501 3031 se
1538 2982 1639 3032 sint
1677 2997 1796 3031 con-

120 3052 305 3099 trariae
343 3057 396 3100 et
435 3051 730 3114 oppositae,
768 3051 893 3100 aliae
931 3052 1126 3115 possint
1163 3053 1396 3117 coniungi
1431 3058 1605 3102 mutuo
1643 3058 1794 3118 atque

120 3123 253 3171 inter
301 3123 436 3186 ipsas
475 3122 746 3172 conciliari.
818 3121 1003 3170 Tribus
1039 3122 1138 3170 illis
1176 3123 1326 3183 ideis,
1372 3125 1540 3184 enti,
1588 3125 1794 3175 motui

122 3199 190 3242 et
228 3194 441 3257 quieti
479 3192 725 3241 adduntur
748 3191 875 3241 duae
899 3192 1493 3254 aliae,diversitatis
1530 3200 1583 3244 et
1617 3195 1797 3254 iden·-⁴

122 3265 373 3314 titatis:
426 3279 536 3312 nam
590 3263 687 3312 tria
722 3263 804 3311 illa
841 3279 1027 3328 genera
1058 3279 1206 3329 quum
1244 3281 1271 3314 a
1308 3281 1364 3315 se
1401 3266 1612 3316 invicem
1648 3267 1793 3317 diffe-

123 3342 262 3395 rant,
299 3344 460 3383 tamen
498 3335 546 3382 in
585 3350 642 3382 se
680 3339 904 3399 spectata
940 3332 1003 3384 τὸ
1042 3329 1246 3386 ταύτόν
1283 3337 1498 3398 habent,
1550 3339 1795 3403 siquidem

123 3407 509 3470 unumquodque
547 3405 623 3455 sui
659 3420 860 3471 semper
882 3405 1046 3455 simile
1082 3407 1148 3457 sit
1169 3422 1380 3458 necesse
1415 3413 1494 3460 est
1528 3425 1585 3459 ac
1624 3426 1793 3460 secum
