2028 3750
548 239 559 255 ,
610 177 698 250 Au
738 193 1241 261 rimamarum.
1629 241 1633 243 .
1723 201 1792 250 15

126 350 290 396 crates
326 339 454 394 hanc
489 335 646 407 ipsam
686 340 754 389 ait
791 356 904 388 esse
938 339 1230 389 sententiam
1256 337 1582 404 Protagorae,
1621 357 1790 406 quam*-

131 434 273 482 quam
319 417 362 464 is
414 431 520 463 rem
570 413 689 475 aliis·
729 412 894 460 verbis
933 411 1299 475 significaverit.
1369 409 1517 459 Hunc
1555 413 1686 462 enim
1721 415 1791 464 ita

125 491 375 540 iudicare:
411 485 663 534 homiuem
703 498 819 531 esse
855 498 1022 531 rerum
1060 482 1274 530 omnium
1313 483 1454 544 quasi
1477 492 1791 546 mensuram,

126 561 224 608 hoc
262 565 368 618 est,
415 556 519 604 tale
567 555 784 619 quidque
820 554 999 617 cuique
1037 567 1177 608 esse,
1220 552 1365 616 quale
1399 554 1497 616 ipsi
1533 563 1790 621 appareat.
1846 604 1851 609 ι

125 631 336 678 Fatetur
373 628 689 676 Theaetetus
744 640 799 672 se
839 639 1034 687 quoque
1072 623 1251 672 alicubi
1289 624 1387 677 tale
1425 625 1674 692 quippiam
1716 627 1790 676 le·

124 702 290 765 gisse,
327 712 565 762 suamque
600 695 898 746 sententiam
945 693 1056 741 fere
1104 695 1284 743 eodem
1332 696 1517 743 redite.
1599 699 1792 760 Quibus

124 773 195 820 ita
243 771 351 818 fixis
396 775 547 833 atque
591 766 826 815 stabilitis
864 767 1103 813 Socrates
1142 765 1452 830 Protagorae
1492 770 1791 829 sententiam

125 860 187 891 ex
212 842 372 889 omui
420 845 566 923 parte
603 837 855 919 explmicare
900 841 954 884 et
1004 818 1263 883 illustrare
1298 835 1545 899 instituit,
1589 846 1644 889 ut
1680 842 1794 905 ipse

122 913 349 961 videatur
385 911 492 959 eius
529 907 857 973 patrocinium
897 907 1175 969 suscipere
1213 905 1269 954 P.
1309 907 1427 959 151.
1465 908 1526 957 Ε.
1566 937 1631 946 -
1672 911 1793 972 15⁶2,

124 984 180 1032 C.
252 983 320 1030 Et
364 983 506 1031 certe
552 980 712 1042 ipsius
759 977 1037 1026 Abderitae
1082 976 1357 1026 doctrinam
1406 979 1467 1028 ab
1533 996 1595 1030 eo
1647 998 1792 1046 quam

123 1053 418 1103 fidelissime
454 1050 638 1100 referri
667 1048 766 1105 ,vix
803 1052 883 1097 est
916 1064 1006 1098 cur
1043 1046 1346 1097 dubitemus.

261 1191 498 1259 Disputat
543 1195 712 1242 autem
759 1201 819 1240 ex
869 1185 1005 1239 illius
1052 1193 1224 1239 mente
1270 1193 1323 1239 et
1369 1187 1622 1240 sententia
1678 1184 1794 1240 fere
1849 1223 1853 1226 «

121 1266 279 1326 haec,
326 1272 384 1314 ut
429 1280 600 1315 verum
644 1264 695 1313 in
742 1262 861 1311 visis
910 1267 1102 1311 tantum
1153 1268 1302 1327 atque
1349 1263 1580 1312 sensibus
1625 1263 1795 1312 inesse

121 1338 388 1386 efficiatur.
491 1335 668 1385 Nihil
699 1333 964 1416 quidquam
1013 1349 1106 1398 per
1160 1349 1217 1382 se
1263 1333 1447 1398 aliquid
1513 1338 1599 1383 aut
1643 1349 1795 1384 uuum

121 1410 358 1480 idemque
402 1413 511 1467 est;
557 1406 720 1455 omnia
768 1405 897 1453 enim
945 1406 1238 1466 ret'eruutur
1280 1405 1344 1454 ad
1392 1405 1514 1463 alia3
1550 1404 1681 1454 unde
1716 1405 1796 1466 fit,

119 1486 178 1529 ut
213 1462 335 1529 nulli
357 1480 445 1527 rei
484 1492 578 1543 per
613 1493 670 1526 se
706 1481 963 1540 spectatae
1001 1475 1210 1539 qualitas
1251 1477 1411 1539 aliqua
1430 1477 1583 1525 tribui
1617 1481 1798 1541 queat3

122 1567 234 1600 nam
281 1549 414 1615 quod
458 1546 555 1598 iam
604 1563 807 1614 parvum
859 1547 1197 1612 appellamus
1244 1548 1366 1596 item
1416 1563 1646 1612 magnum
1696 1554 1796 1609 est,

122 1638 181 1670 ac
229 1622 476 1679 vicissim3
525 1619 757 1684 quodque
792 1618 990 1666 videtur
1036 1631 1213 1683 grave,
1259 1618 1382 1668 item
1418 1618 1531 1667 leve
1566 1618 1800 1672 habetur.

122 1691 199 1742 De
239 1705 335 1757 qua
368 1707 426 1741 re
462 1690 767 1754 Protagoras
807 1704 1035 1754 prorsus
1051 1690 1303 1738 consentit
1326 1705 1438 1738 cum
1468 1688 1797 1756 Empedocle,

121 1763 412 1824 Heraclito,
458 1756 714 1820 Homero,
760 1759 995 1824 Orpheo,
1043 1759 1378 1824 Epicharmo,
1426 1761 1551 1810 aliis.
1622 1760 1799 1826 ltaque

123 1835 288 1883 omnia
326 1848 387 1882 ex
422 1837 562 1882 motu
595 1838 650 1881 et
686 1833 961 1880 mutatione
985 1836 1268 1914 ‘mutuaque
1302 1833 1515 1892 ratione,
1555 1848 1648 1896 qua
1685 1848 1798 1881 cum

126 1906 236 1954 aliis
282 1905 436 1954 rebus
482 1904 830 1963 continentur,
877 1901 998 1950 oriri
1049 1903 1269 1966 putanda
1306 1908 1449 1963 sunt,
1487 1919 1615 1967 quae
1650 1903 1801 1969 vulgo

131 1983 281 2025 esse
318 1975 557 2034 dicimuS,
593 1973 832 2023 videlicet
865 1973 1026 2021 miuus
1063 1979 1296 2021 accurate
1319 1974 1602 2038 loquentes-
1673 1974 1800 2024 Nam

128 2063 224 2112 per
263 2050 420 2095 totam
467 2061 640 2095 rerum
688 2049 915 2093 naturam
953 2043 1080 2092 haec
1117 2045 1399 2092 dominatur
1433 2044 1541 2106 lex,
1583 2045 1680 2095 fixa
1715 2046 1802 2094 illa

129 2124 184 2167 et
218 2116 515 2177 immobilis,
562 2122 621 2164 ut
663 2120 804 2164 motu
836 2116 1000 2163 omnia
1043 2115 1293 2177 oriantur,
1334 2115 1502 2179 quiete
1537 2117 1803 2170 intereant.

129 2189 279 2251 Quod
313 2189 446 2237 inter
493 2187 588 2236 alia
623 2187 773 2235 etiam
809 2185 1021 2250 intelligi
1056 2186 1178 2235 licet
1213 2202 1275 2235 ex
1310 2187 1496 2235 coloris
1533 2194 1708 2236 natura
1746 2193 1800 2236 et

128 2261 309 2312 causis.
378 2251 506 2307 Nam
542 2257 685 2307 color
720 2273 816 2322 per
851 2273 908 2306 se
945 2257 1109 2306 nullus
1147 2262 1227 2306 est
1263 2273 1426 2322 neque
1460 2264 1606 2316 extra
1639 2261 1800 2308 visum

130 2345 297 2394 neque
339 2330 391 2378 in
442 2330 579 2389 visu,
621 2330 715 2378 sed
762 2329 932 2394 potius
978 2334 1149 2377 mutua
1183 2329 1401 2377 visorum
1451 2334 1504 2378 et
1539 2330 1800 2378 oculorum

130 2400 503 2452 necessitudine
534 2401 796 2458 *nascitun
848 2399 965 2448 dum
1001 2405 1243 2464 percepta
1279 2400 1441 2464 aliqua
1477 2416 1561 2450 res
1598 2417 1800 2450 sensum

127 2472 328 2522 videndi
370 2472 538 2536 aliquo
583 2472 734 2520 modo
777 2470 953 2519 afficit.
1033 2471 1206 2522 Veluti
1242 2471 1420 2520 albedo
1458 2487 1550 2520 nec
1585 2472 1717 2521 inest
1752 2474 1802 2520 iu

130 2560 220 2604 re,
257 2559 383 2608 quae
425 2543 538 2592 alba
571 2548 806 2602 vocatur,
849 2556 942 2590 nec
977 2542 1027 2591 in
1063 2543 1175 2606 ipso
1213 2542 1388 2603 ocul03
1436 2558 1607 2593 verum
1647 2545 1800 2592 simu*

131 2616 305 2679 latquef
349 2615 524 2664 oculus
549 2614 630 2662 ab
676 2629 734 2661 re
782 2613 1009 2677 quapiam
1054 2614 1363 2662 extrinsecus
1402 2614 1600 2662 obiecta
1637 2613 1801 2677 aliquo

132 2685 283 2736 modo
331 2690 594 2746 movetur,
642 2684 817 2733 oculus
862 2685 923 2732 fit
967 2684 1172 2744 videns,
1220 2699 1317 2732 nou
1354 2685 1473 2733 item
1513 2701 1688 2734 seusus
1725 2684 1806 2731 vel

135 2759 290 2816 visio,
324 2763 391 2805 et
432 2753 519 2804 ‘res
563 2756 623 2804 fit
658 2755 793 2814 alba,
846 2769 944 2803 uon
980 2756 1100 2803 item
1137 2755 1352 2814 albed0;
1390 2755 1519 2818 quod
1558 2757 1600 2803 si
1636 2761 1802 2803 autem

136 2828 363 2876 sublatus
407 2826 579 2874 .fuerit
626 2826 801 2872 oculus
838 2830 909 2872 'et
944 2841 1028 2874 res
1075 2827 1122 2873 ei
1160 2827 1356 2874 obiecta
1393 2841 1506 2873 cum
1538 2831 1694 2887 motu,
1731 2825 1802 2873 al-

134 2898 269 2948 bedo
317 2896 442 2945 nihil
489 2895 699 2958 amplius
748 2896 859 2942 erit.
911 2895 965 2942 P.
1016 2895 1137 2946 152.
1185 2895 1246 2948 Ι).
1285 2924 1350 2932 --
1390 2895 1508 2943 153.
1554 2896 1613 2944 E.
1695 2896 1804 2945 Nec

135 2983 259 3018 vero
294 2967 415 3016 licet
450 2966 737 3015 existimare
771 2965 896 3029 ipsis
934 2966 1087 3014 rebus
1124 2982 1216 3028 per
1252 2981 1308 3014 se
1345 2966 1671 3015 consideratis
1707 2967 1805 3016 ali-

139 3040 260 3105 quid
279 3038 529 3101 qualitatis
566 3036 762 3095 inesse3
798 3036 949 3083 docet
986 3037 1114 3083 enim
1138 3036 1216 3083 vel
1235 3037 1412 3100 exigua
1433 3053 1602 3086 rerum
1628 3039 1802 3087 obser-

139 3111 292 3169 vatio,
325 3124 470 3158 unam
506 3107 810 3170 eandemque
844 3121 951 3154 rem
989 3107 1096 3154 sine
1131 3107 1230 3154 ulla
1265 3112 1469 3157 naturae
1490 3123 1608 3157 suae
1641 3115 1802 3157 muta-

142 3182 281 3231 tione
313 3196 371 3229 ac
407 3181 514 3227 sine
546 3184 719 3227 nostra
762 3177 989 3240 ipsorum
1034 3178 1080 3224 vi
1114 3177 1259 3225 aliam
1294 3185 1443 3241 atque
1481 3179 1623 3228 aliam
1660 3181 1804 3228 nobis

142 3252 314 3301 videri.
396 3249 596 3300 Etenim
642 3264 732 3297 sex
774 3248 864 3296 tali
909 3247 995 3296 ubi
1041 3254 1388 3313 comparantur
1434 3266 1543 3299 cum
1594 3258 1805 3314 quatuor

145 3323 286 3380 aliis,
322 3327 432 3371 toto
470 3327 525 3369 et
560 3319 763 3368 dimidio
798 3319 878 3368 his
913 3318 1124 3367 maiores
1164 3325 1307 3380 sunt3
1352 3321 1428 3369 sin
1474 3325 1642 3370 autem
1691 3338 1803 3369 cum

146 3393 389 3444 duodenis
423 3396 800 3457 comparantur,
839 3390 1178 3443 tautummodo
1216 3391 1469 3444 dimidium
1504 3392 1803 3451 conticiuut3
