2028 3750
769 186 1201 245 εοΡΗῐεΤΑ.
1652 172 1655 184 ²
1713 167 1817 246 m

275 332 478 409 ΘΕΑΙ.
567 331 850 406 Οὐδαμῶς.

271 412 393 478 ΞΕ
479 420 546 473 Τί
585 415 636 474 δ’
658 441 675 487 ς
710 414 841 475 ἄνευ
885 416 1094 477 τούτων
1132 420 1270 477 νοῦν
1308 414 1568 507 καθορᾷς
1606 413 1744 500 ὄντα
1782 414 1819 488 ἢ

148 498 444 572 γενόμενον
484 497 558 555 ὀὲν
599 503 691 557 καὶ
733 499 1012 574 ὁπουοῦνς

277 585 481 640 ΘΕΛΙ.
550 580 808 641 '‘Hmffvoe.

273 662 388 727 ΞΕ.
470 668 587 721 Καὶ
625 666 734 739 μὴν
776 667 912 742 πρός
951 691 1010 741 γε
1048 671 1252 726 τοῦτον
1295 665 1459 725 Ιπαντὶ
1488 667 1631 740 λόγῳ
1659 689 1824 742 μαχε-

148 755 299 814 τέον,
342 746 404 812 ὃς
444 746 516 804 ἂν
557 749 858 824 ἐπιστήμην
898 749 932 821 ἢ
974 750 1245 828 φρόνησιν
1287 749 1321 822 ἢ
1359 755 1494 811 νοῦν
1534 753 1821 830 ἀφᾱνίζων

149 834 484 906 ἰσχυρίζηται
526 838 648 906 περί
695 856 845 901 τινος
882 834 1111 914 ὁπῃοῦν.

279 916 485 971 ΘΕΛΙ.
565 916 810 994 Σφόδρα
852 941 929 990 γε.

276 995 388 1059 ΞΕ.
475 1001 565 1069 Τῷ
622 998 688 1069 δὴ
746 1000 1035 1077 φιλοσόφῳ
1092 1004 1185 1057 καὶ
1229 1003 1418 1056 ταῦτα
1463 999 1702 1073 μοὲλιστα
1743 1009 1826 1059 ‘ct-⁴

151 1082 325 1153 μῶντι
363 1083 546 1147 πᾶσα,
589 1081 662 1148 ὡς
703 1091 904 1149 ἔοικεν,
942 1083 1155 1155 ἀνάγκη
1200 1082 1290 1140 διὰ
1333 1087 1510 1140 ταῦτα
1552 1107 1684 1156 μητε
1710 1089 1823 1139 τῶν

153 1168 214 1220 ἓν
266 1161 297 1231 ἢ
354 1167 445 1219 καὶ
499 1162 570 1219 τὰ
626 1166 802 1222 πολλὰ
858 1169 971 1235 εἴδη
1029 1166 1297 1237 λεγόντων
1337 1165 1400 1223 τὸ
1445 1172 1559 1223 πᾶν
1599 1165 1824 1235 ἑστηκὸς

152 1248 558 1318 ἀποδέχεσθαι,
621 1253 730 1305 τῶν
786 1246 841 1307 τε
894 1244 966 1306 αὖ
1020 1253 1270 1328 πανταχῇ
1313 1248 1378 1310 τὸ
1420 1247 1485 1307 ὂν
1525 1250 1822 1308 κινούντων

155 1334 288 1404 μηδὲ
333 1333 396 1386 τὸ
441 1331 710 1403 παράπαν
750 1334 1001 1401 ἀκούειν,
1043 1331 1185 1389 ἀλλὰ
1230 1330 1370 1389 κατὰ
1415 1331 1518 1402 τὴν
1561 1338 1672 1391 τῶν
1696 1339 1831 1404 παῖ-1

157 1417 266 1470 δων
319 1413 508 1491 εὐχήν,
563 1413 668 1471 ὅσα
723 1416 955 1484 ἀκίνητα
1009 1421 1101 1472 καὶ
1156 1421 1500 1490 κεκινημένα,
1549 1414 1612 1473 τὸ
1654 1413 1722 1475 ὅν
1765 1439 1825 1474 τε

155 1501 248 1554 καὶ
288 1495 350 1552 τὸ
395 1501 509 1552 πᾶν
547 1499 933 1576 ξυναμφότερα
978 1504 1165 1572 λέγειν.

159 1719 258 1761 dnm
292 1724 368 1760 est.
427 1717 573 1771 Itaque
603 1731 730 1772 supra
757 1733 797 1772 p.
830 1722 927 1759 241.
962 1719 1013 1760 D.
1046 1719 1332 1773 διαμαχητέον
1367 1718 1614 1771 reliquimus
1643 1721 1829 1762 auctori-

158 1782 247 1818 tate
277 1777 495 1833 codicum:
527 1776 591 1816 De
604 1777 731 1829 Rep.
761 1777 813 1818 ΙΙ.
845 1791 885 1830 p.
907 1781 1003 1817 380.
1023 1776 1074 1817 Β.
1100 1777 1317 1829 ambigunt
1334 1776 1457 1817 codd.
1517 1776 1605 1817 Sed
1629 1777 1826 1831 Sophocl-

159 1823 839 1885 Antig.v.1106.‹51caasr172=0v
872 1838 1032 1874 certam
1068 1833 1215 1874 sedem
1244 1832 1384 1874 habet.
1439 1833 1622 1875 Damnat
1638 1836 1830 1876 tor-mam

159 1892 369 1944 μαχετέον
408 1890 459 1930 Α.
497 1889 700 1930 Matthiae
740 1891 816 1930 Gr.
855 1889 908 1932 T.
948 1890 980 1930 I.
1021 1904 1061 1943 p.
1096 1895 1189 1930 510.
1223 1889 1288 1931 ed.
1320 1893 1360 1930 3.
1390 1889 1466 1930 sed
1498 1890 1607 1931 conf.
1637 1889 1830 1934 Lobeck.

158 1947 215 1989 ad
244 1946 398 2000 Phryn.
430 1959 470 2000 p.
503 1951 599 1986 446.
633 1952 676 1988 et
705 1946 950 1988 Schneider.
981 1947 1035 1988 ad
1063 1947 1219 2000 Remp.
1249 1946 1302 1988 T.
1332 1945 1366 1987 Ι.
1395 1959 1436 2000 p.
1471 1949 1565 1987 195.

272 2060 325 2101 D.
385 2063 487 2100 τῶν
522 2072 574 2098 τε
611 2052 680 2099 αὖ
715 2058 993 2113 πανταχῇ]
1040 2059 1154 2102 vett.
1186 2059 1304 2101 editt.
1337 2059 1381 2101 δὲ
1410 2051 1484 2113 αὖ,
1514 2059 1830 2115 φιοὰ-»ῒῠθῐιῐῑιτ

159 2121 273 2161 teste
299 2117 448 2159 Bastio
477 2115 582 2159 Ven.
614 2117 668 2157 Σ.
699 2116 800 2158 Par.
830 2116 882 2158 B.
913 2121 1055 2159 tuetur
1083 2117 1187 2159 item
1218 2117 1380 2160 Zittav.

159 2269 264 2300 vero
295 2268 371 2299 eos
399 2255 567 2309 probat,
594 2256 666 2310 qui
696 2256 836 2297 omnia
851 2268 950 2310 per-
1030 2271 1077 2298 τε
1127 2257 1322 2308 firmant3
1372 2256 1437 2298 sin
1475 2255 1674 2298 Bastio
1722 2255 1830 2299 fides

160 2321 293 2371 petuo
329 2317 550 2365 moveant,
587 2312 702 2366 quod
738 2313 952 2354 faciebant
1034 2318 1125 2365 est,
1158 2313 1212 2355 de
1241 2317 1441 2366 quattuor
1467 2314 1608 2366 libris,
1648 2325 1831 2367 quorum

160 2369 410 2416 Heraclitei.
471 2369 629 2412 Verum
648 2371 776 2423 igitur
794 2370 834 2410 in
859 2383 950 2411 me-

162 2428 234 2470 dio
291 2426 479 2493 popitum
549 2440 645 2468 esse
708 2426 950 2478 arbitratur,

161 2498 292 2539 quum
323 2483 385 2534 ei,
426 2482 539 2535 quod
579 2489 665 2535 est,
707 2488 751 2524 et
778 2488 952 2525 naturae

162 2555 265 2583 suae
295 2539 532 2580 constantia
561 2553 610 2581 ac
639 2540 955 2594 sempiternitas

161 2595 406 2641 vindicanda
434 2595 490 2636 sit
521 2601 563 2637 et
591 2609 693 2638 vero
731 2598 859 2638 etiam
888 2601 956 2638 at-

161 2651 383 2696 tribuenda
423 2652 606 2692 varietas
642 2658 767 2704 atque
797 2658 954 2694 motus.

162 2712 273 2753 Post
299 2707 408 2762 μήτε
436 2707 550 2759 quod
578 2709 621 2749 in
649 2710 784 2750 altero
818 2722 956 2750 mem-

151 2769 240 2809 bro
270 2764 448 2806 infertur
477 2778 523 2804 τε
552 2779 604 2804 nv
641 2769 843 2816 sequente
871 2780 956 2818 μη-

163 2825 229 2872 δέ,
269 2823 350 2863 alia
400 2819 441 2859 id
478 2832 613 2873 genus
659 2822 852 2874 exempla
901 2819 956 2861 ad

162 2880 287 2934 Apol.
326 2878 446 2919 Socr.
488 2891 527 2929 p.
570 2881 637 2918 26.
679 2877 726 2916 C.
760 2882 804 2917 et
831 2877 957 2929 Sym-

165 2949 256 2990 pos.
303 2948 344 2988 p.
391 2936 487 2972 223.
543 2933 590 2973 C.
637 2933 953 2985 adscripsimus.

162 2991 353 3034 Dubitari
392 2995 536 3031 tamen
576 2990 746 3041 licebit,
783 3002 835 3029 an
864 3002 955 3030 ser-

163 3048 345 3091 vandum
376 3047 431 3086 sit
459 3045 572 3098 quod
604 3051 706 3087 vett.
736 3045 852 3087 editt.
884 3044 957 3087 ha-

165 3108 266 3148 bent
296 3104 347 3145 δὲ
386 3097 457 3142 αὖ.
516 3102 624 3144 Nam
662 3102 722 3143 ita
752 3103 792 3142 in
823 3104 956 3143 altero

163 3162 354 3205 membro
393 3172 486 3200 curn
519 3159 678 3200 maiore
716 3159 755 3198 vi
785 3163 829 3200 et
858 3171 955 3211 gra-

162 3220 294 3260 vitate
333 3230 398 3257 ne
388 3221 532 3269 gaunt,
586 3215 817 3257 audiendos
860 3227 957 3257 esse

164 3276 234 3328 qui
263 3274 400 3315 omnia
430 3284 526 3313 mox
531 3276 641 3313 eant
671 3285 707 3312 v.
732 3270 783 3311 ad
801 3271 954 3325 Remp.

164 3332 218 3374 X.
257 3346 295 3385 p.
329 3333 423 3369 608.
462 3329 511 3369 Β.
572 3327 660 3369 Sed
691 3327 826 3369 Codd.
851 3340 954 3371 mss.

167 3389 202 3430 si
229 3388 531 3430 Bekkerum
561 3384 776 3437 audimus,
809 3397 956 3427 omues

1032 2344 1237 2412 lect’iones
1274 2369 1517 2412 fidelissime
1564 2371 1617 2411 ab
1657 2383 1709 2412 eo
1754 2383 1832 2412 ex-

1034 2425 1203 2480 cerptas
1259 2439 1338 2468 nos
1393 2426 1686 2480 possidemus,
1745 2426 1832 2468 duo

1035 2489 1199 2525 tantum
1227 2498 1274 2524 τε
1310 2484 1514 2550 scriptum
1546 2483 1721 2535 habent,
1758 2497 1834 2526 ce-

1037 2541 1118 2582 teri
1147 2543 1337 2582 veterem
1367 2540 1614 2594 scripturam
1644 2544 1830 2581 tuentur.

1037 2597 1216 2640 Videtur
1252 2597 1382 2650 igitur
1409 2597 1699 2638 Bekkerus
1730 2611 1834 2636 συν-

1037 2654 1256 2704 εκδοχικῶς
1290 2658 1427 2694 totum
1464 2666 1543 2706 pro
1593 2658 1714 2706 parte
1752 2665 1833 2706 po-

1038 2709 1201 2759 suisse,
1238 2709 1352 2761 quod
1388 2710 1557 2761 saepius
1596 2710 1656 2749 ita
1694 2709 1747 2750 ab
1779 2721 1833 2750 eo

1038 2765 1198 2806 factum
1229 2778 1323 2807 esse
1353 2766 1631 2806 meminimus.

1094 2821 1146 2861 D.
1204 2819 1339 2861 κατὰ
1369 2821 1464 2872 τὴν
1492 2826 1595 2861 τῶν
1624 2821 1834 2863 παίδων

1041 2873 1231 2928 εὐχήν,
1261 2875 1364 2917 ὅσα
1393 2876 1618 2930 ἀκίνητα
1639 2877 1722 2931 -]
1754 2877 1833 2920 Vi·-

1043 2933 1165 2974 detur
1218 2934 1372 2987 respici
1413 2934 1467 2975 ad
1513 2935 1651 2975 lusum
1698 2946 1834 2987 quen-

1042 2989 1139 3030 dam
1167 3001 1421 3042 puerorum,
1451 2990 1494 3031 in
1520 3003 1604 3043 quo
1633 2990 1833 3032 ludentes

1041 3045 1256 3097 dicebant,
1289 3044 1370 3087 ὅσα
1397 3046 1598 3101 ἀκίνητα,
1628 3047 1698 3087 καὶ
1724 3062 1834 3088 κεκι-

1038 3105 1193 3154 νημένα
1223 3103 1307 3155 εἴηῑ
1366 3103 1495 3147 Quod
1533 3105 1571 3146 si
1600 3117 1702 3146 vere
1729 3116 1834 3146 con-

1039 3158 1240 3210 iecimm,
1270 3172 1323 3201 ne
1354 3161 1536 3202 litterula
1562 3160 1737 3214 quidem
1766 3162 1834 3202 lo-

1039 3229 1091 3256 co
1122 3216 1332 3257 movenda
1358 3217 1587 3270 videbitur,
1627 3219 1835 3270 planeque

1040 3284 1352 3325 supervacanea
1409 3287 1506 3315 esse
1558 3273 1834 3315 Schleier-

1040 3341 1081 3370 m
1093 3342 1115 3368 a
1127 3327 1222 3369 che
1236 3329 1278 3370 ri
1288 3330 1575 3400 cophectura,
1605 3330 1833 3384 legendum

1037 3384 1242 3439 putantis:
1271 3381 1327 3435 ὥς
1353 3385 1538 3443 ἀκίνητα
1566 3385 1640 3428 καὶ
1667 3400 1836 3439 κεκινη-
