2028 3750
133 485 177 538 B

225 186 340 245 172.

853 188 1261 242 PLATONIS

344 326 458 393 ΞΕ.
534 327 700 386 Ἀλλὰ
745 331 887 399 ὃῆτα
927 332 1067 388 νοῦν
1105 334 1207 403 μὲν
1248 337 1340 390 καὶ
1381 333 1522 438 ζωὴν
1561 357 1653 392 και
1696 335 1897 412 ψυχήν,

225 410 490 482 ἀκίνητον
524 418 711 485 μέντοι
749 411 814 470 τὸ
857 412 1158 488 παράπαν
1172 419 1422 494 ἔμψυχον
1462 416 1530 475 ὃν
1571 419 1823 489 ἑστάναις

352 498 563 554 Θ-ΕΑΙ.
623 494 831 553 Πάντα
859 502 1038 570 έμοιγε
1067 495 1248 571 ἄλογα
1271 501 1427 557 ταῦτ’
1464 500 1602 559 εἶναι
1625 507 1899 580 φαίνεται.

346 577 460 642 ΞΕ.
542 582 661 636 Καὶ
701 578 766 638 τὸ
808 581 1130 655 κινούμενον
1171 581 1237 652 δὴ
1278 588 1372 642 καὶ
1395 588 1605 656 κίνησιν
1629 607 1903 666 συγχωρη-

221 667 346 720 τέον
390 661 463 729 ὡς
497 657 652 721 όντα.

354 749 562 806 ΘΕΛΙ.
640 748 778 813 Πῶς
817 746 873 804 δ’
925 743 1070 848 ού;

541 826 842 903 Ξυμβαίνει
894 831 945 888 δ’
1007 852 1136 899 ουν,
1193 825 1233 888 ὦ
1282 836 1569 903 Θεαίτητε,
1623 833 1897 904 ἀκινήτων

346 823 459 892 ΞΕ.

220 935 279 973 τε
322 909 500 971 ὄντων
542 917 681 971 νοῦν
718 918 909 987 μηδενὶ
949 919 1070 990 περὶ
1110 914 1344 989 μηδενὸς
1385 916 1525 975 εἶναι
1562 921 1843 992 μηδαμοῦ.

347 998 555 1055 ΘΕΛΙ.
638 1000 856 1077 Κομιδῇ
895 1003 996 1072 μὲν
1038 992 1157 1056 οὗν.

346 1077 465 1143 ΞΕ.
546 1083 664 1137 Καὶ
709 1079 827 1154 μὴν
873 1081 972 1139 ἐὰν
1027 1076 1100 1138 αὖ
1151 1082 1429 1161 φερόμενα
1469 1088 1563 1143 καὶ
1602 1084 1897 1156 κινούμενα

221 1162 388 1223 πάντ’
439 1165 580 1222 εἶναι
619 1169 989 1239 συγχωρῶμεν,
1034 1170 1127 1222 καὶ
1167 1166 1344 1239 τούτῳ
1387 1172 1465 1241 τῷ
1497 1167 1645 1242 λόγῳ
1687 1166 1895 1226 ταύτὸν

351 1334 554 1389 ΘΕΑΙ.
635 1336 801 1398 Πῶς·
786 1376 800 1399 ‚

194 1252 390 1307 ’τοῦτο
432 1255 490 1304 ἐκ
530 1253 640 1306 τῶν
679 1247 858 1306 ὄντων
897 1249 1266 1325 ἐξαιρήσομεν.

343 1413 456 1478 ΞΕ.
546 1412 624 1471 Τὸ
684 1412 828 1472 κατὰ
887 1413 1068 1472 ταύτὰ
1110 1419 1204 1472 καὶ
1244 1414 1496 1486 ὠςαύτως
1536 1422 1628 1477 καὶ
1668 1421 1791 1495 περὶ
1829 1417 1894 1477 τὸ

222 1497 360 1559 αὐτὸ
399 1503 546 1557 δοκει
587 1519 673 1557 σοι
709 1502 874 1577 χωρὶς
915 1499 1154 1567 στάσεως
1196 1506 1464 1574 γενέσθαι
1501 1502 1632 1561 ποτ’
1681 1501 1784 1578 ‹32223

1800 1632 1823 1654 l

332 1722 637 1823 {²'⁹?“1⁹.⁸‘
665 1716 1560 1835 ἱὲῗὶἷοζὶῗιῖἓέυὲξῗῇωρέἳὶῗε
1562 1798 1584 1821 .
1623 1782 1748 1826 Bodl
1791 1783 1886 1826 vat

317 1804 320 1807 ’
372 1813 382 1822 .
599 1801 620 1821 0
1533 1801 1559 1823 a

217 1837 323 1882 Ven.
363 1837 425 1880 Π.
441 1781 737 1880 ²7lizi‘bentfflow.
776 1839 974 1892 pessime.
1018 1851 1056 1879 v.
1089 1838 1146 1880 ad
1175 1838 1287 1880 Tim.
1319 1852 1360 1892 p.
1393 1843 1461 1880 21.
1491 1841 1544 1882 D.
1573 1841 1728 1894 Remp.
1760 1841 1811 1883 V.
1848 1855 1889 1894 p.

217 1901 319 1939 478.
358 1895 411 1937 Ε.
454 1895 564 1938 VIII.
607 1909 647 1949 p.
690 1899 783 1938 562.
822 1897 873 1938 A.
933 1895 1216 1937 Offenderunt
1251 1896 1379 1949 igitur
1428 1897 1527 1938 boni
1565 1897 1698 1939 critici
1737 1897 1780 1939 in
1808 1896 1890 1940 hoc

217 1966 302 1996 usu
328 1955 558 2007 particulae
587 1968 640 1993 αν
669 1965 766 1996 eum
798 1953 1020 2007 participio
1052 1954 1333 1994 consociatae.
1365 1954 1466 1995 Par.
1496 1954 1546 1995 F.
1578 1953 1757 2005 ὁπῃοῦν.

331 2010 494 2050 παντὶ
524 2008 654 2063 λόγῳ
683 2010 977 2064 μαχετέον]
1038 2010 1086 2052 V.
1117 2012 1345 2063 μαχητέον.
1405 2011 1495 2054 Sed
1524 2013 1730 2066 μαχετέον
1760 2011 1886 2054 Bodl-

218 2067 316 2110 vat.
345 2068 450 2110 Ven.
483 2068 529 2108 11
539 2067 581 2106 Λ
595 2069 650 2108 Σ.
681 2067 812 2109 Coisl.
843 2066 966 2108 Vind.
999 2067 1100 2108 Par.
1131 2067 1262 2108 BFE
1274 2067 1331 2108 H.
1371 2069 1472 2108 Zitt.
1532 2069 1771 2120 Utrumque
1798 2069 1889 2110 usi-

217 2129 376 2168 tatum:
406 2124 519 2167 unde
547 2124 722 2179 singulis
748 2124 852 2166 loeis
881 2123 981 2178 quid
1011 2124 1134 2166 codd.
1168 2124 1374 2167 suadeant
1409 2124 1632 2180 diligenter
1658 2125 1890 2168 observan-

272 2264 327 2308 P.
358 2269 455 2307 249.
513 2264 566 2306 Β.
628 2262 940 2317 Ξυμβαίνει
969 2261 1008 2302 δ’

216 2316 660 2375 οὑν-μηδαμοῦ]
693 2321 859 2364 Certe
888 2333 1010 2362 con-

220 2380 504 2431 sequitur,
544 2378 586 2419 si
627 2379 850 2422 immota
880 2379 1008 2429 sint,

217 2436 418 2477 nemini
481 2447 707 2487 usquam
775 2434 837 2476 de
897 2436 1008 2475 ulla

215 2497 378 2546 parte
417 2491 686 2533 rationem
727 2496 779 2533 et
807 2491 1007 2532 intelli-

216 2549 461 2607 gentiam
478 2561 641 2602 posse
664 2548 1005 2600 contingere.

214 2605 305 2648 Pro
334 2605 374 2647 δ’
408 2611 487 2645 οὐν
516 2605 815 2656 corrigendum
844 2604 1010 2646 videtur

213 2668 334 2718 γοῦν,
364 2663 404 2705 in
422 2675 554 2715 quam
575 2662 861 2703 coniecturam
881 2662 1008 2703 etiam

215 2721 434 2762 Astium
466 2719 664 2760 incidisse
692 2718 910 2769 videmus3
942 2718 1008 2759 id-

215 2791 302 2830 que
343 2777 470 2819 habet
505 2776 619 2817 Flor.
666 2775 691 2816 i.
724 2780 768 2817 et
798 2774 1014 2828 Simpli-

216 2835 346 2878 ciufl.
412 2834 501 2876 Pro
541 2831 744 2884 ἀκινήτων
781 2847 828 2873 τε
864 2831 1013 2884 ὅντων,

217 2891 333 2943 quod
353 2889 729 2932 Heindorfins
758 2889 907 2943 reponi
923 2890 1013 2931 ius-

219 2950 273 2989 sit
302 2947 506 2999 ἀκινήτων
526 2962 572 2987 τε
594 2946 727 2987 ὄντων
747 2952 829 2986 τῶν
849 2946 1013 2996 (ivnon,-

215 3018 301 3046 non
358 3004 464 3045 vidit
518 3004 615 3055 ille,
674 3004 905 3056 genitivum
958 3015 1012 3046 ex

214 3066 319 3101 νοῦν
348 3060 543 3114 pendere·
565 3065 608 3102 et
638 3061 787 3115 μηδενί
813 3060 1009 3102 masculi-

215 3130 273 3159 no
331 3130 489 3169 genere
549 3131 646 3159 esse
705 3117 1009 3171 accipiendum.

215 3174 380 3216 Vocula
420 3175 509 3226 τε-,’
533 3187 659 3226 quam
704 3175 847 3216 omisit
880 3175 1011 3216 Sim-

216 3230 450 3286 plicius2
481 3230 547 3271 hic
576 3244 748 3284 quoque
790 3231 1012 3273 referenda

217 3291 287 3329 est
315 3286 368 3327 ad
398 3287 633 3339 proximam
670 3289 842 3343 hospitis
881 3288 1011 3330 Elea-

217 3343 291 3386 tici
320 3343 568 3383 orationem.
608 3345 717 3385 cons.
752 3359 791 3398 p.
815 3348 924 3386 ²245.
956 3345 1008 3386 B.

215 3399 500 3456 Respondent
529 3398 639 3443 enim
667 3402 709 3443 in
738 3403 1009 3457 sequentibus

1096 2262 1166 2305 καὶ
1194 2262 1281 2319 μὴν
1310 2256 1382 2308 αὖ.

1150 2322 1201 2363 Β.
1262 2320 1453 2364 ταύτὸν
1499 2325 1659 2362 τοῦτο
1703 2322 1753 2363 Su
1796 2327 1889 2364 τῶν

1094 2393 1266 2420 οντων
1294 2379 1347 2424 ἐξ
1350 2383 1392 2428 .]
1424 2379 1469 2419 In
1501 2378 1561 2420 luis
1591 2377 1754 2419 ταύτὸν
1782 2385 1887 2421 τοῦ-

1092 2449 1144 2475 το
1188 2440 1256 2477 est
1288 2436 1520 2501 pariter,
1568 2435 1710 2476 item.
1776 2437 1888 2480 Nam

1091 2491 1146 2532 ad
1176 2490 1447 2544 ἐξαιρήσομεν
1486 2493 1729 2546 intelligitur
1758 2492 1886 2535 avrti.

1089 2548 1227 2590 Usum
1270 2547 1378 2590 hunc
1418 2550 1689 2601 vocularum,
1721 2551 1791 2604 qui
1821 2551 1889 2593 hic

1090 2618 1259 2658 quoque
1290 2606 1544 2659 interpretes
1574 2607 1710 2658 latuit,
1741 2621 1888 2650 exem-

1090 2663 1169 2716 plis
1207 2662 1588 2704 demonstravimus
1632 2663 1686 2704 ad
1728 2664 1884 2720 Remp.

1091 2719 1182 2761 Vll.
1223 2734 1263 2774 p.
1306 2723 1401 2760 535.
1443 2720 1492 2760 D.
1531 2725 1574 2762 et
1615 2719 1812 2775 Sympos.
1843 2736 1884 2791 p.

1099 2780 1194 2817 169.
1233 2777 1284 2818 Ε.
1353 2777 1458 2819 Mox
1502 2776 1527 2828 ἢ
1548 2776 1795 2845 γενόμενον
1833 2779 1889 2820 ἄν

1097 2834 1212 2878 idem
1244 2838 1309 2875 est
1338 2833 1509 2886 quod*
1484 2852 1504 2886 η
1528 2831 1598 2874 ὅτι
1618 2838 1784 2886 γείοιτο
1814 2852 1888 2887 avg

1096 2890 1134 2933 h.
1179 2905 1215 2934 e.
1258 2891 1494 2937 existere
1532 2895 1708 2946 poss‘e.
1740 2906 1779 2934 v·
1809 2906 1888 2936 an-

1095 2953 1182 2995 not.
1216 2950 1348 3000 critic,

1153 3005 1201 3046 C.
1259 3007 1396 3061 μήτε
1423 3009 1521 3046 τῶν
1547 3003 1598 3045 ἓν
1627 3023 1648 3058 η
1695 3004 1784 3047 καὶ
1823 3003 1884 3049 τὰ

1093 3060 1356 3117 πολλὰ-]
1391 3063 1449 3105 Τὸ
1483 3062 1522 3103 ἕν
1556 3063 1779 3105 immotum
1806 3077 1886 3105 vo-

1095 3119 1237 3162 lebant
1267 3137 1362 3167 esse
1398 3120 1675 3162 Parmenides
1714 3121 1887 3173 eiusque

1096 3182 1402 3230 assectatores3
1441 3177 1518 3218 sed
1548 3177 1599 3218 τὰ
1634 3176 1766 3218 πολλὰ
1795 3177 1883 3229 εἴδη

1094 3233 1324 3279 immobilia
1378 3239 1615 3279 statuerunt
1670 3234 1885 3285 Megarici.

1093 3290 1312 3344 Utrosque
1345 3295 1470 3347 igitur
1526 3303 1609 3331 non
1652 3290 1882 3333 audiendos

1094 3361 1191 3390 esse
1210 3355 1367 3400 *censet
1386 3351 1439 3392 ob
1460 3362 1532 3391 eas
1562 3360 1748 3396 caussas,
1778 3360 1882 3399 quas

1092 3405 1135 3447 in
1182 3409 1468 3462 superioribus
1520 3404 1724 3461 exposuit.
1793 3404 1883 3449 Nec
