2028 3750
239 191 345 243 1⁰6
416 211 418 214 ·
878 187 1293 246 PLAT'ONIS

235 331 462 408 ἄτομον,
509 328 616 402 ’ἤδη
673 335 790 390 ἐστὶ
838 335 956 392 πᾶν
996 332 1033 406 ἤ
1099 356 1226 393 τινα
1268 335 1410 406 ’ἕχον
1461 336 1926 412 διαίρεσινάξιάν

237 422 565 491 ἐπωνυμίας.

370 503 579 560 ΘΕΑΙ.
654 499 886 563 Οὐκοῦν
924 523 1033 578 χρη
1073 513 1314 559 σκοπεῖν.

361 584 501 665 Cap.
563 579 765 645 XVII.
847 581 992 669 ΞΕ.
1049 590 1209 645 Δοκεῖ
1262 587 1452 644 τοίνυν
1486 608 1586 661 μοι
1626 581 1719 646 aedi
1760 591 1928 647 τοῦτο

237 673 321 728 ἔτι
363 692 440 749 πῃ
484 673 789 742 σχίζεσθαι,

369 757 578 812 ΘΕΑΙ.
659 750 831 811 Κατὰ
865 758 923 811 τί
935 777 955 824 ,·

151 843 198 894 Ε
369 836 486 901 ΞΕ.
578 841 689 912 Τῆς
730 846 789 896 ἐν
830 846 950 903 τοῖς
992 836 1180 910 λόγοις
1202 837 1647 908 ὃιδασκαλικῆςὴ
1673 844 1775 914 μὲν
1797 862 1933 916 τρα-

232 929 439 1004 χυτέρα
480 945 583 989 τις
641 927 815 981 ἔοικεν
857 920 999 995 ὁδὸς
1051 921 1344 996 sivan-t&
1399 924 1447 986 δ’
1512 930 1701 1000 ἕτερον
1756 924 1933 994 αὐτῆς

235 1008 467 1086 μόριον
472 1005 775 1082 λειότερον.

370 1095 577 1150 ΘΕΑΙ.
667 1090 744 1153 Τὸ
789 1098 960 1152 ποῖον
1003 1089 1070 1162 δὴ
1116 1089 1334 1150 τούτων
1377 1090 1643 1167 ἑκάτερον
1674 1096 1932 1167 λέγομενς

362 1174 477 1240 ΞΕ.
568 1173 645 1234 Τὸ
702 1179 804 1249 μὲν
861 1175 1266 1251 ἀρχαιοπρεπὲς
1308 1198 1364 1232 τι
1403 1174 1664 1249 πάτριον,
1706 1170 1750 1249 ᾧ
1792 1174 1934 1251 πρὸς

237 1259 374 1329 τοὺς
397 1263 530 1328 υἱεῖς
567 1259 790 1333 μάλιστ’
840 1264 1077 1335 ἐχρῶντο
1107 1259 1233 1318 τότε
1277 1264 1371 1317 καὶ
1412 1265 1493 1317 ἔτι
1533 1265 1734 1318 πολλοὶ
1755 1265 1935 1334 χρῶν-

236 1369 332 1405 ται
386 1344 457 1405 τὰ
520 1348 654 1414 νῦν.
717 1342 859 1405 ὅταν
901 1344 1096 1418 αὐτοῖς
1135 1345 1555 1420 ὲξαμαρτάνωσί
1594 1367 1678 1414 n,
1718 1344 1790 1401 τὰ
1831 1348 1934 1420 μὲν

279 1547 283 1556 ,
353 1510 404 1554 εἰ
418 1507 650 1580 ,ἄτομον
681 1507 774 1562 ἤδη
805 1507 959 1551 ἐστὶν
986 1507 1107 1578 πᾶν]
1138 1508 1255 1552 Flor.
1290 1511 1332 1554 b.
1362 1510 1390 1558 i
1418 1514 1520 1566 post
1546 1508 1585 1552 εἰ
1612 1508 1805 1551 inserunt
1832 1505 1932 1561 ἄρα.

237 1569 378 1624 Vulgo
407 1565 494 1624 εἶρα
523 1573 621 1611 ante
651 1564 744 1612 τιιᾶ
772 1563 870 1619 ἕχον
898 1567 1198 1635 interpositum
1227 1568 1399 1624 legitur.
1455 1567 1547 1611 Sed
1578 1562 1782 1610 omittunt
1809 1565 1937 1609 codd.

236 1627 330 1670 sere
359 1640 523 1669 omnes.
580 1625 716 1678 Igitur
746 1628 928 1678 utroque
955 1625 1115 1669 delevi
1124 1627 1238 1667 loeo.

351 1683 404 1727 E.
463 1679 724 1739 ἑκάτερον
747 1682 1015 1749 Myoffiem]
1046 1683 1098 1731 V.
1131 1683 1319 1741 ,λέγωμεν
1347 1680 1466 1737 quod
1494 1681 1656 1737 primus
1683 1680 1852 1724 correxi
1880 1691 1935 1722 ex

234 1742 342 1786 V.en
373 1742 475 1787 ΞΠ.
502 1741 619 1786 Flor.
647 1741 675 1787 i.

351 1795 576 1855 μάλιστ’
608 1794 843 1852 ἐχρῶντο
875 1794 1030 1854 τότε]
1072 1795 1175 1839 τότε
1209 1797 1309 1841 dedi
1338 1810 1394 1843 ex
1427 1797 1530 1842 Par.
1547 1794 1655 1840 BC.
1682 1793 1802 1839 Flor.
1829 1806 1869 1839 a.
1898 1806 1936 1838 c..

235 1855 373 1902 Editt.
403 1870 552 1903 omnes
581 1871 642 1897 τε.
674 1868 715 1896 v.
745 1869 842 1903 aun
873 1855 928 1898 ad
956 1870 998 1911 p.
1028 1861 1127 1910 236.
1154 1856 1210 1899 Ε.

228 1967 229 1970 ¹
352 1912 772 1971 ἐξαμαρτάνωσί
798 1913 870 1968 m]
898 1930 953 1955 τι
975 1914 1171 1956 additum
1203 1926 1227 1954 e
1256 1912 1384 1956 Bodl.
1414 1912 1514 1956 Vat.
1543 1911 1650 1955 Ven.
1681 1909 1746 1952 Π.

267 1970 269 1975 ’
348 1972 404 2015 P.
433 1976 531 2017 230.
583 1971 746 2012 εἴποι
783 1987 867 2018 τις
906 1968 970 2011 ἂν
999 1969 1421 2025 νουθετητικήν.
1433 1971 1449 2025 ]
1476 1965 1607 2012 Hanc
1637 1968 1822 2010 formam
1854 1978 1934 2026 pro

234 2031 349 2085 vulg.
379 2028 636 2082 ιουθετικήν
673 2027 976 2071 redhibuerunt
1003 2027 1646 2072 B0d1.Vat.Ven.A.=.·112
1673 2013 1805 2068 Vind.
1833 2023 1936 2068 Par.

235 2088 538 2132 BcH.F10r.
566 2101 604 2129 a.
635 2098 671 2128 c
700 2085 728 2127 i
759 2087 863 2129 Zitt.
894 2086 1005 2130 conf.
1035 2090 1180 2130 annot.
1209 2087 1303 2129 crit.
1333 2086 1391 2129 ad
1419 2100 1461 2141 p.
1489 2090 1588 2127 225.
1619 2084 1671 2126 A
1729 2083 1850 2126 Idem
1878 2083 1935 2124 de

259 2227 344 2283 ·E.
399 2227 498 2284 Τῆς
529 2227 579 2269 ἔν
602 2230 725 2277 τοῖς
755 2219 1069 2282 &draeo—al.
1127 2222 1463 2295 ἀναμαρτήτους
1490 2225 1616 2278 εἶναι,
1646 2222 1753 2267 ἄλλά
1783 2242 1836 2269 τι
1864 2223 1935 2266 καὶ

231 2283 482 2328 Ficinus:
524 2283 662 2327 Eius
705 2284 907 2339 utique
950 2285 1044 2327 fa-
1129 2282 1451 2341 ἐξαμαριάιειν.
1508 2283 1575 2325 De
1605 2281 1750 2326 dat-ivo
1785 2280 1936 2332 αὔτοῑς

235 2345 492 2395 cultatis,
523 2356 657 2396 quae
678 2342 1043 2385 sermonedo-
1129 2357 1168 2383 v.
1202 2342 1257 2384 ad
1285 2341 1469 2385 Phaedr.
1493 2355 1534 2396 p.
1562 2345 1658 2388 257.
1693 2341 1740 2383 C.
1773 2342 1932 2395 Remp.

237 2405 355 2454 cet,
395 2414 522 2456 pars
561 2400 834 2452 quaedam
887 2413 1042 2454 aspe-
1096 2399 1160 2442 Ἰ.
1206 2414 1246 2454 p.
1294 2404 1394 2442 343.
1441 2397 1621 2441 Theaet.
1672 2413 1714 2453 p.
1749 2402 1845 2440 143.
1879 2399 1931 2440 Ε.

236 2459 377 2511 rior,
408 2457 679 2511 quaedam
709 2458 931 2499 laevior
962 2470 1041 2499 es-

239 2529 296 2558 se
335 2515 576 2558 videtur.
646 2514 798 2567 Itaque
841 2512 949 2562 ὁδός
998 2513 1042 2556 in

238 2572 391 2616 codice
412 2586 491 2617 suo
516 2585 599 2613 non
624 2570 792 2612 videtur
811 2571 1039 2625 reperisse.

300 2626 370 2675 Τδ
403 2632 494 2685 μὲν
533 2626 962 2684 ἅρχαιοπρεπές
991 2627 1045 2668 τί

238 2689 508 2758 πάτριον]
543 2685 857 2740 Stephanus
895 2686 1042 2733 conie-

239 2746 386 2789 etabat
423 2742 739 2797 ἇρχαιοπρεπές
779 2759 824 2784 τι
852 2743 923 2784 καὶ
952 2738 1043 2784 πά·-

237 2818 374 2872 τριον.
459 2802 559 2846 Quo
608 2814 711 2843 sane
757 2814 866 2855 opus
913 2800 1041 2852 foret,

159 2874 163 2880 ·
238 2861 321 2903 nisi
359 2856 543 2914 πάτριον
581 2858 618 2899 h
658 2860 687 2900 l.
727 2860 814 2902 vim
859 2858 1042 2905 nominis

240 2917 491 2960 substantivi
527 2916 725 2969 haberet,
770 2916 925 2958 sicuti·
943 2915 1043 2958 alibi

239 2977 448 3029 νόμιμον,
502 2973 686 3027 δίκαιον,
729 2974 964 3029 ξυμφέρον,
1004 2975 1049 3014 et

242 3033 407 3075 similia.
479 3031 593 3074 Post
627 3029 948 3085 ἐξαμαρτάνωσι
984 3029 1049 3073 ἰῐι-ι

243 3091 454 3132 seruimus
491 3104 548 3132 τι.
608 3089 708 3132 Quo
746 3088 863 3130 facto
896 3085 1048 3131 eadem

242 3151 343 3188 nata
402 3146 691 3199 constructio,
748 3159 876 3199 quam
913 3144 1046 3192 habes

243 3203 371 3256 Reip.
410 3205 443 3245 Ι.
481 3217 523 3257 p.
567 3208 665 3245 339.
703 3202 754 3247 Ο.
785 3201 968 3257 πότερον
1002 3202 1046 3247 δὲ

243 3255 547 3325 ἀναμάρτητοί
590 3261 692 3302 εἰσιν
745 3263 789 3301 οἱ
840 3258 1047 3332 ἄρχοντες

245 3318 290 3358 ἐν
319 3321 415 3362 ταῖς
452 3314 627 3357 πόλεσιν
665 3315 858 3365 ἑκάσταις
898 3333 921 3369 η
963 3312 1053 3357 οἷοί

245 3389 304 3414 τι
338 3372 409 3414 καὶ
445 3369 672 3442 ἆμιιρτεῖνς
717 3374 824 3415 Ibid.
866 3388 907 3429 p.
951 3378 1048 3415 340.

249 3431 300 3474 C.
329 3445 432 3479 τους
459 3427 676 3487 ἄρχοντας
703 3428 939 3487 ὡμολόγεις
975 3429 1054 3473 οῦκ

1127 2456 1167 2499 'l
1181 2456 1373 2510 hucyd.
1414 2456 1447 2499 Ι.
1490 2461 1529 2496 6.
1573 2457 1616 2497 οἱ
1655 2451 1935 2513 πρεςβύτεροι

1126 2511 1278 2560 αυτοῖς
1311 2514 1392 2555 τῶν
1422 2509 1703 2582 ευδαιμόνων

1182 2571 1236 2614 Ρ.
1268 2576 1366 2612 230.
1428 2566 1495 2612 Τὸ
1530 2571 1587 2612 δέ
1611 2585 1667 2624 γε
1701 2568 1765 2619 ὥς
1795 2572 1933 2619 εἴξα-

1127 2628 1182 2671 σί
1209 2643 1355 2675 τινες
1383 2631 1472 2678 —-]
1533 2628 1634 2670 Hoc
1663 2625 1761 2671 loco
1791 2629 1931 2672 Bek-

1126 2688 1317 2732 ke1um
1371 2686 1407 2726 si
1460 2685 1633 2739 audias,
1684 2685 1810 2729 facile
1854 2688 1931 2729 tibi

1127 2744 1398 2804 persuaseris
1433 2740 1489 2792 ὥς
1517 2744 1558 2789 in
1591 2744 1786 2785 omnibus
1816 2745 1933 2785 libris

1127 2806 1305 2855 praeter
1333 2801 1522 2844 Ven.1'1.
1555 2799 1736 2843 deesse.-
1782 2801 1842 2842 Et
1866 2806 1933 2843 ta-

1127 2871 1227 2905 men
1278 2869 1359 2900 nec
1410 2857 1784 2902 Gaisfordtus
1830 2859 1933 2901 illud

1130 2919 1279 2958 narrat
1315 2916 1358 2957 in
1398 2915 1525 2957 Bodl.
1575 2915 1808 2958 desiderari
1853 2929 1935 2960 nec

1132 2973 1267 3015 nostri
1298 2973 1424 3014 codd.
1459 2972 1650 3028 exceptis
1668 2973 1835 3015 duobus
1853 2987 1930 3015 vo-

1133 3033 1273 3076 culam
1321 3031 1529 3084 ignorant.
1606 3029 1707 3074 Huc
1765 3031 1932 3073 accedit

1132 3087 1318 3129 Bastii
1348 3087 1666 3140 testimonium,
1705 3089 1775 3141 qui
1807 3085 1862 3132 ὥς
1890 3089 1931 3130 in

1131 3145 1283 3187 Venet.
1333 3149 1425 3187 189.
1460 3159 1495 3186 ει.
1526 3146 1582 3187 Σ.
1615 3157 1662 3187 re
1695 3145 1787 3196 erit,
1817 3148 1862 3185 et
1890 3146 1930 3189 in

1131 3202 1225 3244 unis
1268 3201 1363 3246 Vat.
1406 3200 1457 3245 A.
1495 3202 1601 3250 Ven.
1645 3202 1705 3242 1.
1745 3205 1790 3244 et
1830 3202 1928 3246 Par.

1132 3258 1185 3302 B.
1218 3258 1371 3302 deesse
1399 3259 1514 3305 vidit.
1574 3259 1723 3312 Itaque
1741 3258 1822 3300 hoc
1838 3262 1932 3313 qui-

1134 3316 1234 3359 dem
1273 3320 1538 3372 exploratum
1577 3315 1808 3364 habemus
1846 3330 1931 3361 non

1135 3381 1284 3415 catere
1312 3377 1505 3417 voculam
1535 3371 1691 3414 idonea
1728 3373 1931 3418 libi-mum

1136 3433 1408 3476 auctoritate
1481 3429 1580 3473 Huc
1622 3429 1786 3472 accedit
1817 3433 1932 3486 quod
