2028 3750
698 232 787 283 ΑΙ)
824 232 1228 287 SOPHISTAM.
1771 236 1807 284 9

133 374 194 421 ab
244 373 353 422 eins
397 376 571 422 natura
619 373 827 423 alienam
878 390 992 423 esse
1042 374 1333 423 indicarent.
1406 370 1661 423 Fecerunt
1704 372 1802 421 hoc

131 444 403 508 Megarici,
463 460 673 508 quorum
736 445 981 494 rationem
1030 444 1172 492 Plato
1228 447 1276 493 in
1324 444 1561 509 Sophista
1613 445 1803 510 pariter

131 520 280 576 atque
338 516 494 579 ipsius
539 516 846 564 Parmenidis
909 516 1203 564 sententiam
1259 517 1537 564 examinare
1586 516 1637 563 in
1697 516 1801 562 ani-

130 602 262 634 mum
309 587 514 634 induxit.
601 587 777 650 Neque
836 587 896 634 ab
954 586 1047 633 hac
1093 587 1286 634 ratione
1335 586 1544 634 multum
1587 586 1803 634 recessit

130 656 482 716 Antisthenes,
538 658 683 705 sicuti
731 657 1013 706 rectissime
1063 658 1239 705 statuit
1283 656 1563 721 Krngius
1609 656 1800 705 Histor.

130 726 425 791 Philosoph.
466 726 514 790 ἓ.
557 728 673 777 114.
758 728 1024 776 Enimvero
1071 725 1316 792 Megarici
1363 742 1512 790 quum
1556 728 1802 783 sentirent

128 798 365 861 generale
414 797 535 846 illud
585 815 688 847 ess
706 814 762 858 e,
825 798 919 845 nisi
966 797 1180 860 partium
1232 797 1445 846 haberet
1487 799 1799 857 varietatem,

127 869 188 915 ad
241 870 495 916 scientiam
547 874 599 917 et
647 871 909 917 §critatem
958 883 1133 931 parum
1181 868 1371 928 waler-e,
1416 874 1659 934 protenus
1704 868 1799 916 hac

126 939 177 987 in
216 945 359 1002 parte
396 956 423 987 a
459 939 767 987 parmenidis
798 938 1048 1007 sententia
1085 938 1449 999 discesserunt
1487 945 1798 987 statueiunt-

129 1026 224 1074 que
261 1010 442 1057 ideas
480 1011 584 1056 sive
620 996 883 1073 άσωματα
921 1006 1061 1069 εἴδη,
1114 1008 1172 1054 ad
1213 1023 1333 1072 quas
1371 1025 1491 1058 unas
1528 1009 1799 1058 referenda

125 1084 267 1129 esset
310 1080 536 1128 veritatis
581 1081 785 1128 scientia
838 1084 894 1127 et
941 1079 1180 1142 cognitio.
1253 1078 1352 1126 Sed
1408 1095 1558 1143 quum
1607 1080 1667 1128 iis
1702 1080 1798 1128 hac

123 1152 174 1200 in
211 1167 268 1199 re
304 1165 417 1199 cum
452 1149 662 1198 Platone
701 1150 904 1214 egregie
942 1150 1256 1208 conveniret,
1304 1154 1471 1198 tamen
1506 1150 1798 1201 incredibile

125 1222 261 1270 dictu
298 1225 406 1279 est,
455 1226 763 1285 quantopere
811 1236 923 1268 cum
974 1221 1153 1268 eodem
1191 1234 1252 1268 ex
1295 1220 1387 1268 alia
1424 1228 1568 1286 parte
1604 1222 1798 1268 dissen-

123 1293 300 1341 serint.
359 1292 562 1340 Etenim
600 1291 744 1340 Plato
785 1307 933 1355 quum
967 1290 1104 1339 ideas
1143 1306 1257 1339 suas
1294 1306 1390 1339 non
1427 1296 1615 1341 tantum
1643 1292 1797 1340 vellet

125 1379 241 1412 esse
276 1363 325 1410 in
363 1378 419 1411 se
468 1362 749 1423 absolutas,
797 1377 969 1410 verum
1021 1363 1170 1409 etiam
1220 1361 1379 1422 vivas,
1436 1363 1795 1411 communionis

124 1449 364 1499 capaces,
412 1433 626 1496 denique
676 1449 790 1493 eas,
846 1448 972 1496 quae
1019 1433 1301 1483 notionibus
1353 1434 1507 1481 menti
1552 1434 1795 1481 humanae

122 1504 278 1552 veluti
331 1505 592 1567 impressis
642 1505 789 1552 etiam
849 1520 910 1551 eo
971 1504 1171 1551 nomine
1214 1503 1606 1568 responderent,
1663 1504 1794 1567 quod

123 1577 184 1624 iis
233 1576 364 1622 varia
411 1580 464 1622 et
509 1574 773 1638 multiplex
821 1589 933 1622 cum
978 1575 1108 1622 inter
1155 1575 1289 1638 ipsas
1339 1581 1442 1623 tum
1493 1590 1606 1623 cum
1642 1576 1793 1624 rebus

124 1645 546 1710 adspectabilibus
599 1651 749 1709 atque
795 1645 1059 1694 individuis
1108 1651 1247 1693 esset
1297 1646 1580 1695 coniunctio
1617 1650 1670 1695 et
1703 1661 1794 1694 ne-

125 1716 405 1766 cessitudo:
462 1716 536 1763 illi
579 1717 629 1763 in
688 1715 782 1764 alia
834 1717 996 1763 omnia
1041 1715 1398 1765 discesserunt.
1481 1716 1796 1766 Censuerunt

125 1789 292 1847 enim,
357 1803 420 1834 ne
477 1786 784 1835 Parmenidis
842 1786 904 1833 de
963 1785 1107 1835 Entis
1165 1787 1438 1835 constantia
1497 1788 1794 1836 sententiam

120 1874 329 1923 prorsus
366 1857 652 1905 viderentur
688 1857 988 1915 deseruisse,
1025 1856 1215 1906 formas
1253 1859 1361 1906 eius
1385 1863 1534 1920 atque
1566 1859 1789 1922 species,

122 1945 243 1993 «pias
282 1928 558 1993 ponebant,
608 1930 805 1976 omnino
841 1929 1196 1992 sempiternas,
1240 1929 1549 1987 immobiles,
1585 1927 1790 1993 rigidas,

121 2000 306 2048 nullius
354 1999 567 2062 denique
612 1999 845 2047 motionis
899 2004 952 2048 et
995 1995 1362 2051 communitatis
1411 2014 1620 2064 capaces
1658 2015 1791 2050 esse.

121 2071 370 2132 Quorsum
407 2071 662 2135 pertinent
709 2070 807 2118 loci
844 2068 1116 2134 Sophistae
1157 2086 1206 2133 p.
1243 2069 1362 2117 246.
1405 2070 1446 2121 B
1501 2085 1608 2133 sqq.
1669 2069 1790 2118 2⁴8.

121 2142 181 2190 A.
235 2167 296 2178 —-
344 2140 404 2191 Ε.
457 2145 510 2189 et
555 2139 670 2187 249.
727 2139 782 2188 C.
831 2138 888 2188 I).
942 2155 1065 2204 quos
1114 2139 1397 2192 rectissime
1450 2140 1792 2191 Schleier-

121 2211 465 2261 machel-us
500 2211 625 2259 vidit
661 2210 720 2259 ad
752 2209 1037 2275 Megaricos
1074 2215 1324 2275 spectare.
1360 2226 1391 2259 v
1431 2212 1540 2261 eius
1542 2210 1794 2316 ‘’Praefat.

83 2285 185 2332 ‘ad
223 2281 446 2346 Sophist.
482 2284 746 2346 interpret.
786 2282 1018 2330 German
1061 2299 1094 2347 p
1146 2281 1247 2329 142»
1279 2298 1387 2346 sqq.
1426 2283 1500 2331 ed
1542 2281 1591 2330 2.
1656 2281 1794 2332 Idem

97 2355 318 2402 *censuit
374 2352 705 2426 Deyksius
762 2351 840 2401 De
895 2351 1166 2416 Megaricis
1226 2367 1274 2416 p.
1324 2353 1394 2401 3¹)
1440 2369 1549 2416 sqq.
1635 2352 1794 2403 Secus

122 2429 289 2472 tamen
318 2424 481 2472 visum
518 2427 599 2472 est
633 2423 927 2474 Henrico
967 2423 1239 2474 Rittero
1276 2422 1528 2474 inWIuseo
1549 2423 1795 2474 Rhenano

120 2495 481 2543 Bonn.1828.
530 2494 970 2559 Vol.11.p.3o5
1008 2511 1101 2558 sqq
1175 2495 1258 2557 qui
1307 2495 1596 2558 praefracte
1644 2500 1796 2558 negat

122 2565 408 2628 Megaricos
465 2565 830 2616 multitudinem
890 2569 942 2612 et
1007 2567 1301 2613 varietatem
1358 2565 1507 2614 Entis
1570 2565 1646 2614 sui
1705 2566 1792 2612 ad·-

123 2637 353 2695 misisse,
403 2637 587 2700 qnippe
624 2638 707 2698 qni
741 2636 902 2684 Unum
939 2634 1062 2684 illud
1112 2650 1284 2693 suum,
1339 2637 1470 2697 quod
1507 2637 1654 2684 etiam
1693 2635 1795 2682 130-

124 2723 242 2754 num
278 2723 334 2753 ac
370 2705 526 2752 Deum
565 2706 820 2766 dixerunt,
874 2721 1082 2769 prorsus
1131 2706 1383 2754 immobile
1430 2711 1484 2754 et
1533 2706 1694 2754 simile
1742 2707 1796 2753 et

124 2777 257 2824 idem
295 2791 497 2839 semper
533 2789 646 2823 esse
670 2777 1006 2824 iudicaverint.
1057 2791 1096 2822 v.
1130 2775 1301 2839 Diog.
1342 2775 1552 2825 Laert.
1592 2775 1657 2830 ll.¹
1675 2776 1794 2824 1⁰6.

122 2847 232 2898 vll.
286 2846 400 2892 161.
465 2845 760 2895 Ciceron.
814 2846 1041 2894 Academ.
1092 2846 1149 2895 11.
1198 2846 1286 2895 42.
1351 2846 1665 2895 Aristocl.
1713 2862 1792 2909 ap.

123 2917 310 2966 Euseb.
349 2916 512 2980 Praep
563 2916 747 2980 Evang.
776 2915 1012 2966 le.17.
1087 2915 1276 2965 Verum
1315 2921 1566 2964 enimvero
1601 2916 1797 2966 etiamsi

127 2987 246 3035 illud
286 2987 485 3034 minime
519 2988 567 3034 in
606 2988 708 3035 viro
745 2985 1031 3034 doctissimo
1069 3001 1219 3049 aegre
1249 2984 1472 3047 ferimus,
1511 2988 1643 3051 quod
1670 3001 1795 3049 quae

124 3057 797 3107 Schleiermacherus
856 3070 996 3104 mera
1050 3056 1336 3119 suspicione
1400 3057 1471 3105 ita
1531 3062 1794 3118 statuerat,

125 3145 226 3177 non
271 3134 512 3191 protenus
561 3145 653 3192 pro
698 3128 848 3177 certis
899 3133 952 3174 et
1004 3126 1277 3189 exploratis
1325 3128 1480 3176 voluit
1525 3128 1796 3187 venditari3

126 3205 294 3248 tamen
330 3215 455 3262 quae
499 3198 612 3263 ipse
657 3204 831 3247 contra
877 3197 1003 3245 hanc
1047 3197 1289 3245 rationem
1337 3196 1794 3263 disputavit·uobis

128 3271 326 3333 quidem
375 3268 746 3334 haudquaquam
798 3273 1069 3333 potuerunt
1106 3272 1404 3331 extorquere
1441 3271 1794 3318 assensionem.

130 3341 200 3390 Et
222 3340 342 3389 illud
368 3341 564 3404 quidem
592 3357 681 3388 nos
707 3355 902 3404 quoque
939 3337 1087 3387 facile
1124 3338 1374 3403 largimur,
1406 3339 1689 3405 Megaricos
1715 3345 1794 3386 te·-

141 3411 312 3460 nuisse
349 3427 586 3461 summam
621 3412 753 3462 illam
772 3410 923 3461 Emis
960 3410 1037 3459 sui
1064 3411 1320 3474 unitatem,
1357 3427 1502 3476 quam
1538 3412 1797 3462 statuisset
