2028 3750
706 198 794 253 Αι)
832 180 1235 251 somusmMss
1282 246 1288 254 ,
1725 202 1796 253 223

121 339 351 401 8611811108
390 340 687 389 contrectari
724 357 876 404 posse
901 342 1199 396 existimant..
1239 340 1404 404 paullo
1439 346 1518 389 est
1542 342 1789 405 agrestius

123 416 176 459 et
213 410 447 467 ferocius.
520 412 772 459 Adversus
826 429 948 474 quos
988 419 1149 459 tamen
1201 411 1294 459 bac
1331 413 1402 460 uti
1437 412 1606 460 licebit
1644 428 1791 475 argu·

120 483 440 530 mentatione.
512 481 705 530 Animal
748 483 1075 544 quodcunque
1111 499 1322 530 necesse
1359 487 1438 532 est
1474 499 1655 547 corpus
1679 487 1794 531 esse

119 553 279 600 anima
328 552 624 616 praeditum.
709 552 864 617 lgitur
921 554 1078 601 anima
1124 569 1297 602 revera
1347 560 1438 602 est.
1523 553 1618 601 lam
1669 568 1792 602 vero

118 623 215 671 alia
250 624 407 670 anima
441 624 697 686 reperitur
733 640 848 672 esse
885 625 1032 683 iusta,
1071 624 1165 671 alia
1201 625 1410 682 iniusta3
1447 624 1642 689 sapiens
1680 624 1791 685 alia,

113 694 212 756 alia
257 694 512 756 insipiens.
593 694 673 742 Ex
719 688 814 757 quo
859 695 1208 757 consequitur,
1271 699 1325 742 ut
1380 697 1527 743 etiam
1585 695 1790 756 iustitia,

113 764 391 830 sapientia,
453 764 578 812 aliae
626 766 866 824 virtutes,
927 780 1045 812 vere
1094 781 1209 814 esse
1269 765 1620 814 existimandae
1675 767 1790 815 sint.

111 835 256 898 ,llaec
293 840 456 882 autem
498 836 660 883 omnia
710 851 857 898 quum
896 835 1125 884 sensibus
1165 837 1356 900 percipi
1391 837 1792 900 contrectarique

116 905 494 968 haudquaquam
543 906 766 969 possint,
823 921 1098 970 corporeae
1142 908 1379 953 materiae
1425 908 1652 972 expertia
1690 909 1792 956 sint

116 993 326 1041 prorsus
374 991 585 1040 necesse
633 980 727 1026 est.
802 977 993 1038 Quodsi
1030 978 1204 1029 'autem
1242 976 1401 1025 nihilo
1435 979 1599 1026 secius
1636 994 1790 1042 repe-

115 1047 334 1105 riantur,
373 1046 458 1109 qui
497 1047 758 1109 quicquam
795 1063 910 1095 esse
946 1052 1131 1110 negent
1178 1048 1309 1110 quod
1346 1050 1569 1097 manibus
1606 1065 1789 1113 appre-
1858 1087 1867 1094 f

117 1117 270 1165 11611111
306 1121 536 1180 nequeat,
576 1132 664 1165 eos
702 1117 796 1165 hac
831 1118 1266 1181 argumentatione
1302 1119 1566 1166 confutare
1602 1119 1787 1167 licebit.

115 1188 368 1252 Quidquid
417 1187 573 1235 habet
619 1187 829 1251 aliquam
877 1189 976 1236 vim
1025 1193 1077 1236 et
1116 1187 1406 1236 facultatem
1447 1189 1630 1252 aliquid
1668 1190 1789 1237 esti-

115 1259 280 1307 ciendi
314 1258 394 1306 vel
427 1259 676 1323 patiendi,
728 1258 778 1306 id
825 1274 972 1308 esse
1020 1259 1343 1307 arbitramur:
1392 1261 1613 1308 cernitur
1658 1261 1790 1309 enim

116 1331 335 1379 essentia
371 1331 423 1377 in
459 1330 505 1376 vi
541 1333 594 1377 et
642 1328 896 1378 facultate.
967 1329 1108 1378 Haec
1156 1330 1267 1393 ipsa
1313 1335 1480 1379 autem
1515 1347 1544 1378 a
1578 1332 1791 1379 materia

115 1416 362 1466 corporea
408 1399 604 1448 diversa
647 1405 740 1448 est.
824 1401 902 1448 Ex
949 1416 1046 1465 quo
1105 1396 1357 1463 sequitur,
1419 1407 1477 1450 ut
1531 1402 1682 1450 etiam
1737 1400 1789 1460 id

115 1487 264 1527 esse
313 1470 685 1520 concedendum
735 1472 829 1532 sit,
879 1473 1013 1535 quod
1055 1487 1083 1518 a
1132 1472 1428 1536 corporibus
1473 1476 1648 1521 natura
1697 1469 1788 1521 81111

115 1542 298 1590 differt.
380 1543 520 1590 Haec
568 1543 680 1606 ipsa
725 1546 891 1602 autem
938 1545 1012 1591 vis
1062 1556 1264 1603 eorum,
1315 1557 1440 1606 quae
1488 1558 1606 1591 vere
1654 1544 1787 1604 sunt,

99 1606 337 1662 >naturam
387 1627 585 1661 omnem
632 1613 874 1671 absolvit,
928 1618 984 1662 ut
1034 1614 1199 1677 ipsum
1247 1628 1361 1663 esse
1409 1613 1541 1661 nulla
1587 1614 1682 1662 alia
1727 1630 1787 1662 re

113 1685 211 1732 nisi
255 1684 302 1730 vi
352 1690 405 1733 et
462 1683 689 1732 efficacia
741 1684 949 1749 quadam
997 1684 1326 1734 contineatur.
1387 1682 1584 1748 (usque
1629 1683 1688 1735 ad
1735 1680 1784 1751 p.

112 1755 234 1808 248.
272 1749 380 1823 A.).
814 1801 834 1816 ,
1655 1759 1659 1764 ⁴
1758 1755 1762 1759 ’

254 1893 353 1943 Sed
402 1895 483 1945 1118
519 1895 685 1944 11118818
721 1893 974 1943 videamus
1011 1895 1308 1943 contrariam
1345 1909 1520 1944 eorum
1557 1893 1783 1959 philoso-

113 1966 328 2031 phorum
364 1968 688 2024 sententiam,
728 1967 810 2029 qui
847 1981 1044 2013 omnem
1082 1967 1348 2014 essentiam
1400 1982 1460 2014 ex
1495 1966 1623 2014 ideis
1659 1983 1783 2030 pen-

93 2037 236 2103 ⁴dere
283 2038 467 2086 volunt.
540 2037 843 2084 Discernunt
877 2037 1031 2100 igitur
1073 2037 1160 2103 illix
1182 2038 1394 2103 γένεσιν
1427 2038 1530 2086 sive
1566 2052 1784 2100 genera-

111 2109 300 2156 tionem
335 2109 395 2156 ab
435 2108 651 2156 essentia
691 2108 793 2155 sive
831 2102 1006 2171 οὐσίᾳ.
1079 2106 1146 2155 E't
1183 2122 1397 2172 corpore
1434 2106 1628 2171 quidem
1668 2123 1781 2156 sen-

113 2194 357 2242 suumque
405 2179 734 2243 perceptione
782 2193 873 2226 nos
923 2178 1095 2242 volunt
1135 2195 1306 2226 eorum
1346 2178 1456 2226 fieri
1493 2178 1781 2243 participes,

114 2266 239 2314 quae
286 2255 615 2314 generantum
672 2247 760 2296 sed
815 2265 903 2305 ea,
954 2264 1078 2312 quae
1129 2255 1243 2298 sunt
1283 2245 1603 2312 ⁴sempiterna¹
1631 2254 1782 2312 atque

111 2322 342 2381 immota,
389 2320 438 2367 in
491 2321 669 2383 quibus
706 2320 827 2368 solis
866 2321 1131 2368 essentiam
1171 2324 1348 2384 putant
1383 2320 1581 2379 inesse,
1617 2321 1781 2367 animo

111 2397 302 2440 tantum
340 2395 393 2438 et
425 2392 620 2439 ratione
656 2391 831 2453 attingi
853 2390 1167 2438 arbitrantur.
1240 2390 1482 2452 Quidnam
1502 2405 1620 2437 vero
1649 2392 1782 2438 istuc

114 2473 219 2524 est,
258 2462 388 2526 quod
425 2462 508 2509 isti
545 2466 723 2510 vocant
758 2461 1150 2525 participem
1203 2476 1348 2522 esse
1386 2460 1462 2509 161
1497 2462 1664 2508 rerum
1702 2461 1780 2509 vel

91 2532 371 2592 {idearum‘k
441 2531 707 2581 Enimvero
746 2548 853 2579 rem
891 2533 932 2578 si
967 2535 1199 2580 accurate
1236 2533 1581 2591 aestimemus,
1630 2531 1781 2580 facile

111 2604 475 2666 intelligemus,
521 2619 634 2652 esse
680 2602 806 2651 illud
852 2602 976 2649 1111111
1023 2601 1154 2650 aliud
1202 2603 1293 2650 11181
1341 2602 1776 2651 affectionem

113 2680 177 2730 et
213 2675 529 2722 actionem
569 2673 811 2736 quandam
849 2688 876 2720 e
914 2672 1236 2721 facultate
1280 2689 1478 2732 eornm,
1527 2689 1652 2736 quae
1699 2673 1778 2719 in-

113 2749 193 2792 ter
240 2760 296 2792 se
346 2744 756 2806 congrediuntur,
807 2743 1207 2805 proficiscentem
1256 2741 1382 2808 (6111
1431 2741 1775 2806 gegensei-

111 2815 279 2878 tiges
316 2811 499 2860 'l‘liun
547 2813 705 2861 oder
754 2812 999 2860 Leiden
1047 2829 1162 2862 aas
1197 2814 1375 2860 einer
1407 2812 1612 2877 Krast
1639 2811 1774 2860 laer-

113 2879 533 2950 vorgelzend).
615 2882 722 2931 Nec
766 2886 935 2930 tamen
981 2883 1078 2930 hoc
1123 2883 1344 2930 idearum
1390 2883 1585 2946 patroni
1629 2881 1775 2933 nobis

115 2955 418 3013 concedent,
456 2954 642 3018 quippe
679 2953 761 3015 qui
797 2947 1106 3016 generationi
1143 2953 1341 3016 quidem
1379 2953 1557 3016 agendi
1576 2953 1775 3018 patien-

114 3026 264 3093 dique
310 3025 404 3071 vim
459 3025 763 3083 attribuunt,
813 3024 1062 3070 essentiae
1097 3029 1259 3070 autem
1298 3023 1503 3070 eandem
1541 3021 1774 3089 eripiunt.

114 3097 253 3158 Quae
289 3110 458 3142 eorum
490 3095 657 3159 opinio
692 3094 806 3142 vide
842 3108 983 3156 quam
1009 3093 1203 3141 infirmo
1229 3094 1414 3141 nitatur
1433 3092 1774 3153 fundamento.

113 3167 415 3230 Lau-giuntur
470 3165 542 3212 illi
594 3166 692 3229 ipsi
749 3165 945 3227 species
992 3163 1101 3211 illas
1160 3164 1486 3229 sempiternas
1544 3182 1573 3213 a
1625 3166 1772 3216 nobis

115 3243 283 3287 mente
318 3252 373 3284 ac
408 3237 599 3283 ratione
635 3234 847 3297 intelligi
881 3239 1030 3297 atque
1066 3236 1314 3297 cognosci.
1386 3234 1484 3283 lam
1522 3251 1642 3284 vero
1679 3251 1772 3285 co-

115 3309 386 3371 guitionem
432 3307 482 3354 in
521 3323 724 3369 quanam
765 3321 819 3352 re
856 3305 1024 3352 inesse
1059 3306 1340 3369 putabimus
1375 3307 1468 3353 nisi
1507 3307 1554 3354 in
1593 3307 1772 3355 mentis

115 3380 362 3443 animique
405 3379 598 3427 actione
648 3376 895 3442 quadam?
979 3375 1224 3442 Cognosci
1265 3381 1432 3444 autem
1468 3378 1771 3443 etintelligi
