2028 3750
691 198 780 254 Ao
819 165 1228 255 sorms'rAM.
1741 203 1812 256 47

127 348 242 406 tos,
289 347 343 394 et
389 343 622 410 copiosas
669 341 734 393 de
781 359 953 395 amore
1002 345 1256 395 orationes
1293 343 1508 410 quaein
1541 340 1812 411 Symposio

125 415 407 478 habentur,
456 432 570 465 cum
615 416 788 465 subtili
834 418 934 465 ista
969 416 1308 481 disputatione
1343 416 1408 465 de
1442 421 1560 466 ente
1597 421 1652 465 et
1686 431 1815 466 non-

127 492 270 548 ente,
322 489 386 536 de
435 485 627 535 fraudis
677 491 730 535 et
777 487 1259 549 errorisfontibuS,
1313 486 1686 552 desSophistae
1722 503 1810 538 na·-

125 562 243 607 tura
282 562 338 607 et
373 559 608 621 ingenio,
657 557 723 606 de
769 573 888 607 vera
936 563 1088 622 atque
1127 558 1255 607 falsa
1289 566 1401 608 arte
1437 559 1568 607 civili
1600 559 1813 623 aliisque

127 629 354 693 cognatis
391 629 726 692 argumentis,
779 634 832 677 et
865 629 1015 678 facile
1059 629 1276 689 videbit,
1326 634 1637 694 quantopere
1682 630 1811 679 haec

127 701 292 748 omnia
326 700 460 757 inter
497 716 556 749 se
592 700 789 748 diversa
825 699 954 760 sint,
1005 701 1302 765 praesertim
1342 703 1385 749 si
1421 702 1570 750 etiam
1607 700 1671 750 ad
1707 700 1812 750 dis«

126 770 334 819 serendi
365 771 492 818 viam
520 771 870 834 rationemque
890 771 1180 820 attenderit.
1259 771 1386 834 Quid
1409 773 1599 837 igitur?
1637 773 1810 836 ecquis

126 842 224 891 sibi
256 842 353 890 iam
390 840 746 904 persuadebit,
800 857 950 905 quum
999 843 1224 906 ipsarum
1273 858 1443 893 rerum
1490 844 1812 907 quaestiones

125 912 177 969 in
212 913 292 961 his
329 912 471 960 libris
511 914 613 960 sint
647 912 1044 973 diversissimae,
1092 919 1260 962 tamen
1296 914 1409 961 fieri
1445 915 1703 978 potuisse,
1750 919 1810 963 ut

126 983 420 1048 philosophi
455 983 649 1031 scilieet
683 984 848 1046 imago
884 983 934 1030 in
958 983 1231 1031 Phaedone
1269 990 1322 1032 et
1345 983 1613 1048 Symposio
1639 985 1812 1034 adum-

124 1054 270 1103 brata
316 1053 379 1100 ad
414 1052 616 1101 Politici
665 1059 716 1101 et
767 1053 1040 1117 Sophistae
1088 1056 1311 1119 speciem
1346 1056 1398 1103 in
1434 1057 1811 1119 cognominibus

124 1124 269 1177 libris
306 1125 619 1189 propositam
657 1123 982 1173 referretur‘3
1012 1123 1015 1125 ’
1053 1123 1299 1174 Nimirum
1321 1126 1450 1174 haec
1474 1126 1558 1189 qui
1595 1127 1810 1175 credere

123 1195 368 1255 voluerit,
421 1210 535 1244 eum
566 1211 815 1259 nunquam
854 1195 1138 1259 putabimus
1177 1198 1392 1245 animum
1430 1196 1709 1246 advertisse
1745 1197 1809 1246 ad

126 1267 340 1316 divinam
374 1265 510 1315 illam
547 1266 792 1331 planeque
841 1266 1186 1316 admirabilem
1220 1268 1442 1316 Platonis
1479 1273 1664 1329 artem,
1714 1284 1811 1332 qua

125 1353 255 1402 quae
293 1338 357 1385 de
391 1338 546 1386 rebus
583 1337 644 1385 ad
680 1337 1053 1402 philosophiam
1082 1339 1448 1402 pertinentibus
1472 1338 1810 1403 disputantur,

125 1409 499 1473 elegantissime
550 1423 665 1457 cum
711 1408 773 1456 iis
822 1409 1103 1457 conciliavit
1159 1415 1214 1458 et
1262 1411 1312 1458 in
1348 1426 1500 1459 unum
1536 1411 1809 1472 coniunxit,

125 1479 348 1544 quae-ad
385 1484 616 1528 externas
654 1495 825 1528 rerum
873 1479 1192 1528 condiciones
1246 1481 1602 1545 hominumque
1638 1497 1808 1531 mores

124 1556 180 1600 et
214 1549 413 1615 ingenia
448 1549 759 1598 referuntur.
830 1550 900 1599 At
932 1566 1070 1612 vero,
1107 1552 1269 1615 inquit
1303 1552 1510 1616 aliquiS,
1548 1553 1694 1602 adest
1727 1557 1812 1602 ta·-

125 1637 269 1683 men,
306 1621 457 1670 modo
495 1620 766 1686 diligenter
803 1621 1130 1683 observetur,
1172 1624 1307 1671 inter
1343 1639 1431 1672 eos
1467 1624 1642 1684 libros,
1683 1638 1809 1688 quos

126 1692 776 1742 Schleiermacherus
824 1693 1118 1743 coniunctos
1156 1694 1519 1760 copulatosque
1567 1710 1684 1744 esse
1720 1710 1809 1742 vo-

124 1763 250 1824 luit,
295 1763 578 1827 argumenti
622 1765 866 1826 quaedam
917 1764 1148 1828 cognatio
1185 1771 1238 1814 et
1285 1767 1426 1829 quasi
1474 1767 1809 1826 continuati03

123 1835 277 1884 immo
316 1850 379 1882 ex
412 1834 524 1898 ipso
552 1833 753 1883 Politiei
792 1841 846 1883 et
883 1833 1156 1899 Sophistae
1190 1838 1453 1902 proposito
1505 1837 1808 1900 intelligitur

123 1921 225 1955 non
271 1904 432 1953 fuisse
468 1906 833 1965 necessarium,
884 1912 942 1954 ut
980 1907 1251 1970 peculiaris
1291 1908 1499 1972 scriptio
1539 1909 1603 1956 de
1639 1907 1806 1972 philo-

125 1975 292 2042 sopho
328 1981 730 2040 componeretur.
802 1974 855 2023 ld
893 1977 1024 2040 quod
1063 1978 1458 2026 demonstratum
1497 1979 1586 2027 ivit
1621 1994 1807 2043 nuper-

124 2049 253 2096 rime
290 2048 469 2096 doctus
508 2047 704 2109 quidam
727 2047 935 2108 iuvenis,
971 2047 1068 2096 Fr.
1107 2047 1272 2096 Guil.
1309 2049 1546 2098 Hertel
1582 2050 1632 2098 in
1656 2050 1806 2098 Com-

124 2123 329 2168 mentat.
369 2117 445 2166 de
480 2117 782 2167 Platonis
819 2118 1113 2167 Politico
1150 2119 1292 2168 Halis
1319 2120 1456 2168 1837
1491 2120 1628 2168 soliis
1665 2126 1807 2169 octo-

124 2191 202 2239 nis
240 2189 392 2237 edita.
427 2185 568 2237 Cedo
604 2190 761 2253 igitur
797 2191 905 2238 eius
942 2196 1247 2254 argumenta.
1320 2189 1565 2240 Nimirum
1602 2196 1808 2255 postea-

126 2276 274 2325 quam
312 2259 818 2309 Schleiermach
834 2276 940 2309 ero
970 2260 1310 2327 *adstipulatus
1350 2266 1430 2310 est
1464 2263 1517 2310 in
1543 2262 1811 2328 Symposio

123 2331 485 2397 perfectissimi
518 2330 812 2396 philosophi
847 2332 1111 2396 imaginem
1154 2334 1368 2396 proponi
1396 2333 1698 2383 existimanti
1735 2335 1810 2382 sic

122 2403 235 2456 infit
281 2403 645 2466 argumentari:
702 2402 1115 2466 „inquirentibus
1151 2405 1323 2464 nobis,
1359 2405 1536 2468 inquit,
1570 2405 1621 2452 in
1657 2409 1810 2453 natu-

123 2489 230 2522 ram
268 2473 589 2538 philosophi,
629 2475 825 2538 politici
861 2478 913 2522 et
951 2474 1235 2539 sophistae,
1277 2481 1328 2523 et
1363 2476 1414 2523 in
1454 2475 1810 2537 differentiam,

128 2559 256 2608 quae
295 2545 429 2593 inter
466 2559 637 2592 eorum
665 2546 781 2593 sive
819 2546 1055 2594 scientias
1093 2547 1198 2594 sive
1237 2551 1372 2595 artes
1406 2547 1704 2605 intercedat,
1744 2547 1809 2594 il-

122 2614 213 2664 lud
248 2631 338 2663 sua
375 2620 559 2678 sponte
595 2630 652 2662 se
691 2612 867 2675 offert,
921 2616 1052 2679 quod
1090 2615 1233 2665 Plato
1270 2618 1381 2680 ipse
1419 2618 1647 2682 plurimis
1684 2618 1810 2665 locis

126 2685 426 2742 enuntiavit,
492 2684 851 2749 philosophum
899 2687 1187 2750 oppositum
1241 2703 1356 2737 esse
1405 2688 1693 2750 sophistae,
1750 2691 1809 2736 ut

126 2757 211 2819 qui
257 2771 376 2803 vere
418 2754 657 2803 scientiae
704 2758 897 2819 peritus
948 2758 1014 2805 sit
1062 2758 1136 2817 ei,
1190 2759 1272 2821 qni
1317 2758 1541 2821 speciem
1587 2762 1807 2806 tantum-

124 2826 274 2874 modo
312 2839 434 2888 prae
464 2839 520 2872 se
559 2824 707 2885 ferat,
745 2832 797 2874 et
835 2826 1191 2890 philosophum
1232 2834 1285 2876 et
1318 2828 1579 2891 politicum
1617 2828 1689 2875 sie
1724 2829 1807 2875 in-

124 2901 206 2945 ter
244 2911 360 2944 sese
398 2893 634 2954 differre,
682 2901 739 2943 ut
774 2896 906 2944 illius
947 2913 1031 2945 res
1068 2899 1118 2946 in
1157 2899 1263 2946 sola
1299 2898 1508 2945 scientia
1556 2904 1805 2959 versetur,

123 2967 209 3015 hic
247 2971 410 3014 autem
439 2981 467 3012 a
493 2965 698 3013 scientia
734 2965 882 3014 simul
918 2966 977 3015 ad
1006 2969 1251 3031 agendum
1272 2968 1695 3032 transgrediatnr3
1734 2970 1808 3018 uti

123 3042 291 3086 autem
328 3053 356 3084 a
392 3035 698 3101 philosopho
748 3036 1052 3100 sophistam,
1102 3039 1174 3086 sic
1217 3055 1245 3086 a
1279 3053 1398 3086 vero
1447 3038 1658 3102 politico
1707 3037 1806 3088 fal-

123 3124 235 3157 sum
281 3123 396 3156 esse
442 3105 854 3166 discernendum,
917 3108 1001 3171 qui
1052 3108 1175 3157 item
1222 3108 1561 3173 sophistarum
1611 3111 1807 3159 ratione

123 3179 283 3228 civilis
336 3178 575 3226 scientiae
618 3192 717 3226 non
754 3178 851 3225 nisi
887 3179 1061 3227 umbra
1093 3180 1304 3228 vestitus
1343 3180 1422 3228 sit.
1494 3179 1608 3228 Hoc
1645 3182 1689 3229 si
1725 3186 1804 3230 te-

122 3266 344 3310 neamusz,
384 3253 439 3297 et
477 3264 590 3296 cum
627 3248 889 3312 proposito
924 3248 1012 3297 illo
1049 3247 1287 3309 Platonis,
1323 3249 1459 3298 inter
1493 3249 1804 3315 philosophi,

124 3320 384 3386 sophistae
421 3323 475 3367 et
509 3319 703 3382 politici
743 3317 975 3367 scientias
1013 3315 1101 3387 (Β)
1140 3320 1496 3386 distinguendi,
1534 3319 1804 3386 Sophistae

123 3397 179 3441 et
213 3390 414 3441 Politici
459 3392 806 3456 argumentum
845 3389 1230 3454 contendamus,
1277 3397 1384 3442 tum
1430 3394 1716 3446 necessario
1752 3393 1804 3442 in
