2028 3750
769 171 1061 245 sorms
1078 173 1196 227 TA.
1420 256 1422 259 Ι
1760 177 1838 240 σοι

145 315 416 392 πρότερον
464 322 525 374 ἐν
573 323 819 393 σμικροῖς
845 322 937 375 καὶ
976 315 1179 394 ῥᾴοσιν
1216 313 1362 377 αὐτοὶ
1408 322 1813 393 δεῖν’μελετᾶν,
1863 315 1908 368 D

144 404 276 475 πρὶν
315 398 607 466 ἐνάὐτοῖς
650 412 768 468 τοῖς
807 408 1097 474 μεγίστοις.
1138 405 1242 459 νῦν
1283 395 1413 470 οὗν,
1454 397 1495 472 ὦ
1544 407 1823 474 Θεαίτητε,

142 489 306 556 ἔγωγε
363 490 455 541 καὶ
509 489 625 555 νῷν
670 485 812 541 οὕτω
855 487 1232 558 συμβουλεύω,
1280 485 1527 560 χαλεπὸν
1562 492 1656 546 καὶ
1698 493 1823 556 ‹5129-

142 568 430 640 θήρευτον
485 566 853 642 ἡγησαμένοις
906 570 1048 626 εἶναι
1100 568 1165 626 τὸ
1210 575 1311 627 τοῦ
1356 577 1623 647 σοφιστοῦ
1664 578 1823 645 γένος

140 650 414 725 πρότερον
455 657 513 707 ἐν
550 650 697 723 ἄλλῳ
731 651 893 727 ῥᾴονι
926 674 1030 722 την
1067 657 1325 726 μέθοδον
1353 654 1528 712 αὐτοῦ
1558 661 1823 729 προμελε-

138 739 274 803 τᾶν,
313 741 359 792 εἰ
397 731 474 809 μὴ
517 736 585 792 σύ
623 741 813 794 ποθεν
854 735 1241 812 εὐπετεστέραν
1283 744 1414 812 ἑχεις
1454 746 1621 796 εἰπεῖν
1645 738 1821 810 ἄλλην

138 817 290 876 ὁδόν.
338 862 346 868 ,

268 905 475 960 ΘΕΑΙ.
554 902 697 959 Ἀλλ
750 902 850 960 οὐκ
891 906 1012 974 ἔχω.

262 1011 378 1076 ΞΕ.
461 1012 670 1070 Βούλει
725 1017 869 1082 δῆτα
926 1018 1052 1091 περί
1092 1035 1243 1080 τινος
1286 1019 1400 1072 τῶν
1441 1018 1678 1092 φαύλων
1720 1043 1819 1094 με·

138 1097 346 1163 τιόντες
397 1100 761 1175 πειραθῶμεν
816 1098 1164 1175 παράδειγμα
1229 1096 1369 1156 αὐτὸ
1438 1105 1663 1161 θέσθαι
1717 1108 1818 1163 τοῦ

133 1187 416 1258 μείζονοςς

262 1294 468 1352 ΘΕΑΙ.
508 1298 644 1353 Ναί.
1024 1317 1031 1322 ’
1132 1339 1135 1342 .
1232 1359 1236 1361 ‚
1430 1377 1439 1382 ο
1507 1299 1512 1304 ’
1861 1304 1969 1372 Εν

256 1403 372 1471 ΞΕ.
459 1410 529 1462 Τί
581 1405 724 1474 δῆτα
772 1399 1192 1480 ·σέροταξαίμεθ’
1249 1402 1324 1464 ἂν
1367 1403 1674 1480 εὔγνωστον
1714 1414 1815 1484 μὲν

133 1494 228 1550 καὶ
269 1489 515 1566 σμικρόν,
555 1487 723 1562 λόγον
763 1492 821 1546 δὲ
862 1488 1097 1564 μηδενὸς
1122 1487 1392 1549 ἐλάττονα
1417 1496 1544 1565 ἕχον
1569 1497 1679 1551 τῶν
1699 1517 1816 1568 μει-

244 1713 299 1755 D.
357 1728 389 1754 π
401 1711 483 1767 qim
511 1711 560 1753 ἐν
588 1708 772 1757 αὐτοῖς
800 1710 922 1759 τοῖς
948 1713 1028 1764 μ]
1061 1709 1177 1755 vett.
1217 1711 1337 1755 editt.
1369 1724 1467 1755 cum
1497 1711 1661 1756 Ven.¹''
1624 1730 1671 1757 ....
1691 1713 1812 1758 Flor.

133 1784 173 1815 a.
205 1784 243 1816 c.
274 1771 302 1812 i
329 1770 431 1812 Zitt.
461 1768 560 1825 πρὶν
590 1784 642 1810 αν
670 1769 711 1810 ἐν
740 1764 836 1809 αὖτ.

74 1868 79 1874 ’
244 1855 331 1898 καὶ
359 1850 764 1910 δυ’ςθῆρευτον]
796 1853 848 1895 V.
881 1850 1209 1908 δυςθηρατον.
1233 1854 1339 1897 Illud
1369 1859 1541 1898 tuentur
1567 1856 1693 1900 Bodl.
1712 1855 1810 1900 Vat

132 1915 239 1959 Ven.
269 1912 331 1957 Π.
361 1913 420 1957 A.
455 1912 588 1954 Coisl
624 1911 729 1954 Par.
761 1911 866 1952 BH.
898 1911 1013 1953 Flor.
1046 1925 1085 1955 a.
1118 1913 1157 1953 b.
1191 1924 1228 1953 c.
1260 1912 1289 1954 i.

132 2057 171 2100 B
205 2012 405 2102 ἀιαιὲτου
439 1995 808 2054 προμελεταν]
843 1995 1130 2053 προς-μελετᾶν
1158 1996 1266 2039 Ven
1300 1998 1412 2045 ΣΥ
1443 1998 1546 2041 Par.
1564 1997 1666 2054 EF.
1705 1997 1813 2041 Mox

176 2068 201 2100 0
305 2071 398 2113 mic·
1288 2100 1294 2104 .

186 2196 242 2240 Ε.
312 2195 379 2236 TC
441 2191 575 2249 δῆτα
630 2208 837 2247 προτα
823 2193 931 2235 ξαί-

131 2250 265 2311 μηθ’
296 2250 359 2293 ιῖν
387 2251 474 2307 -]
529 2251 671 2297 Quid
710 2252 929 2296 tandem

132 2307 529 2377 proponemus,
582 2308 724 2361 quod
764 2309 929 2351 facile

131 2368 375 2423 quidem
390 2367 464 2408 sit
505 2367 805 2408 intellectu
850 2371 927 2407 at-

1014 2195 1126 2236 vitae
1155 2196 1380 2239 veritatem
1411 2194 1703 2251 expressisse,
1735 2207 1813 2236 eo-

1012 2265 1095 2305 que
1125 2252 1219 2306 ipso
1249 2255 1401 2296 leniter
1423 2255 1581 2298 risisse.
1634 2252 1814 2306 ,Quippe

1010 2309 1069 2351 illi
1138 2312 1250 2352 nulla
1305 2324 1448 2353 rerum
1497 2310 1812 2352 tractandarum

1012 2364 1150 2408 habita
1206 2367 1371 2410 ratione
1419 2367 1559 2409 omnia
1609 2366 1811 2409 methodo

131 2438 242 2480 «μμ»,
263 2426 400 2476 vile,
424 2437 527 2465 mec
555 2429 735 2465 tamen
766 2422 928 2464 mino-

131 2495 242 2526 rem
310 2482 504 2524 habeat
565 2479 928 2525 definitionis

130 2543 309 2583 artem
345 2551 496 2591 quam
534 2538 652 2587 ulla
697 2537 806 2579 alia
852 2542 938 2579 re-‘

130 2609 246 2639 rum
307 2595 583 2638 maiorum
643 2592 747 2636 Vult
800 2594 930 2647 igitur

131 2652 363 2694 subtilioris
393 2650 646 2692 definitionis
688 2652 929 2704 exemplum

97 2714 103 2720 '
131 2708 302 2761 aliquod
335 2708 395 2749 ita
432 2719 700 2760 proponere,
748 2712 797 2748 ut
843 2707 929 2761 pri-

131 2779 249 2809 mum
269 2764 503 2818 periculum
521 2763 622 2804 fiat·
611 2776 655 2803 111
679 2775 727 2804 re
754 2763 934 2814 leviore,

131 2835 184 2865 ac
226 2821 377 2863 deinde
416 2821 587 2861 demum
631 2819 685 2859 ad
725 2819 932 2871 gravioris

131 2878 340 2922 momenti
389 2880 683 2930 argumentum
723 2875 933 2928 proceda-

133 2941 216 2979 tur.
277 2934 484 2982 Versatnr
513 2945 618 2973 vero
648 2932 863 2974 Eleaticus
892 2932 933 2972 in

131 2991 351 3035 tractanda
400 3004 449 3031 re
491 2989 640 3031 viliore
681 3002 732 3030 ea
770 2988 933 3035 subtili-

132 3055 245 3101 tate,
275 3052 323 3090 ut
352 3047 494 3089 omnia
525 3058 609 3088 non
641 3045 776 3086 minus
805 3057 933 3097 quam

134 3107 171 3149 si
216 3119 286 3148 res
335 3104 520 3146 maxima
569 3107 767 3156 ageretur
804 3101 934 3143 veluti

133 3177 232 3206 cum
269 3162 502 3216 pulvisculo
544 3159 744 3202 excutiat.
805 3157 934 3202 Quod

134 3221 172 3262 si
201 3219 369 3276 quaeris
407 3230 482 3259 cur
510 3217 570 3258 ita
597 3218 692 3267 fiat,
731 3227 810 3257 nos
839 3215 933 3268 qui-

83 3276 86 3282 '
133 3278 232 3319 dem
250 3278 477 3319 Platonem
496 3278 693 3327 putamus
714 3271 935 3315 definiendi

134 3335 251 3376 illam
292 3333 592 3381 subtilitatem,
635 3342 718 3382 qua
754 3329 933 3371 Eleatici

59 3411 61 3413 >
137 3395 182 3433 et
208 3390 415 3445 Megarici
446 3387 686 3441 utebantur,
718 3386 770 3428 ad
801 3387 934 3441 ipsam

1011 2435 1114 2464 suae
1143 2424 1385 2466 tribuebant
1402 2437 1581 2477 eamque
1610 2425 1669 2467 ita
1687 2436 1812 2465 exer-

1011 2480 1187 2533 cebant,
1225 2486 1274 2522 ut
1310 2483 1378 2524 vel
1411 2482 1632 2524 vilissimas
1670 2493 1740 2521 res
1769 2480 1812 2521 in

1012 2537 1360 2591 disceptationem
1395 2543 1623 2590 vocarent,
1663 2537 1706 2578 in
1734 2536 1811 2577 iis-

1011 2607 1094 2648 que
1125 2595 1394 2638 discutiendis
1425 2597 1608 2637 maximo
1647 2593 1810 2635 acumi-

1011 2656 1330 2704 neuterentur,
1359 2656 1408 2706 ut
1437 2653 1600 2693 scilicet
1627 2650 1717 2692 veri
1745 2650 1810 2690 in-

1016 2708 1244 2760 telligentia
1301 2707 1579 2751 adiuvaretur.
1665 2706 1810 2747 Perti-

1015 2769 1117 2805 nent
1147 2764 1226 2804 huc
1262 2777 1371 2816 quae
1409 2766 1604 2817 leguntur
1631 2761 1737 2804 infra
1764 2776 1808 2817 p.

1015 2824 1115 2860 227.
1168 2821 1221 2860 A
1258 2819 1312 2864 Β.
1360 2820 1409 2865 C.
1460 2826 1503 2862 et
1552 2820 1723 2862 Politic.
1765 2834 1792 2874 p

989 2871 1114 2919 '266
1145 2875 1199 2919 D.
1261 2876 1350 2919 Sed
1379 2877 1481 2919 feeit
1510 2882 1655 2918 tamen
1682 2851 1812 2918 P'uatd

1017 2932 1060 2973 in
1085 2932 1165 2974 hoc
1187 2933 1291 2974 libro
1310 2933 1522 3000 hospitem
1541 2946 1664 2974 suum
1680 2932 1811 2975 Elea-

1017 2989 1146 3030 ticum
1185 2989 1311 3031 nihilo
1349 2991 1486 3032 minus
1524 3004 1574 3033 ea
1611 2983 1811 3032 modera-

1018 3045 1133 3087 tione
1164 3044 1457 3099 disserentem,
1486 3052 1535 3088 ut
1565 3047 1715 3092 eadem
1741 3047 1813 3090 illa

986 3138 989 3139 ι
1017 3106 1166 3155 arguta
1198 3103 1445 3155 subtilitate,
1475 3117 1557 3157 qua
1578 3104 1814 3146 exercenda

1017 3160 1089 3200 alii
1129 3158 1207 3200 sibi
1245 3162 1467 3214 placebant
1510 3162 1713 3213 mirifice,
1759 3162 1813 3203 ad

1019 3216 1314 3269 corrigendam
1364 3217 1631 3260 Parmenidis
1679 3219 1812 3260 ratio-

1017 3284 1116 3314 nem
1145 3273 1472 3328 firmandamque
1491 3275 1682 3317 Platonis
1713 3288 1812 3316 sen-

1018 3329 1192 3371 tentiam
1228 3344 1363 3386 paene
1400 3331 1553 3374 invitus
1594 3334 1807 3373 abutatur.

1018 3385 1219 3430 Ceterum
1261 3387 1340 3432 hoc
1378 3389 1514 3445 ipsum
1555 3389 1616 3430 rei
1665 3401 1810 3430 exem-
