2028 3750
622 248 625 251 ’
681 229 771 282 ΑΙ)
808 218 1214 284 SOPHISTAM.
1713 227 1782 279 21

118 368 315 433 Quippe
359 369 687 451 impugnanda
739 371 883 422 nobis
920 376 1000 421 est
1034 371 1343 421 Parmenidis
1380 353 1661 429 sententia,
1700 368 1785 431 qui

117 439 271 487 Non-
287 457 375 488 ens
427 439 515 506 (ro
554 435 631 507 μὴ
680 435 770 505 ὄιν)
821 444 1018 490 omuino
1066 459 1164 491 non
1214 458 1327 491 esse
1372 456 1522 506 posse
1574 453 1782 503 prorsus

117 512 329 574 iugavit.
412 513 679 560 Enimvero
726 512 804 574 id,
867 512 1029 576 quod
1072 529 1191 562 non
1237 516 1367 571 est,
1421 517 1588 560 tamen
1634 510 1783 559 etiam

118 587 217 647 est
244 582 646 644 quodammodo,
692 584 1001 631 zie-vicissim
1040 582 1206 646 quod
1259 588 1383 642 est,
1422 579 1784 646 quodammodo

119 652 266 699 etiam
317 669 435 700 non
483 658 599 700 est.
673 654 831 715 Quam
877 656 1175 701 seutentiam
1225 655 1268 701 si
1312 669 1476 701 veram
1515 667 1629 700 esse
1663 666 1784 716 pro-

117 722 423 782 baverimus,
473 739 564 770 nec
611 723 785 772 salsam
832 726 1116 788 opinionem
1165 724 1392 787 falsaque
1436 723 1618 772 iudicia
1669 737 1784 784 esse

117 807 272 857 posse
338 794 671 841 dubitabimus
728 790 819 860 (P.
869 796 987 842 2⁴1.
1038 795 1093 842 C.
1141 821 1205 830 —-
1250 793 1362 859 E..)
1447 793 1783 842 Adorieudum

114 863 269 926 igitur
306 869 456 926 atque
490 865 876 928 impugnandum
914 864 1035 912 illud
1074 864 1379 911 parmenidis
1415 864 1646 928 placitum
1688 867 1785 922 est,
1821 922 1828 925 ³

116 948 216 997 quo
264 935 441 982 statuit
486 929 548 983 τὸ
596 928 672 998 μὴ
724 930 788 983 ὅν
833 934 1022 982 nullum
1068 949 1183 982 6886
1219 950 1380 996 neque
1419 929 1480 982 τὸ
1519 929 1581 984 ὄν
1619 933 1784 997 aliquo

114 1003 264 1052 modo
314 1019 429 1051 esse
476 1019 643 1068 posse.
727 1004 871 1065 Quod
919 1010 975 1052 ut
1022 1009 1163 1051 recte
1213 1010 1264 1051 et
1309 1004 1482 1052 ordine
1529 1004 1643 1064 fiat,
1691 1018 1784 1066 age

52 1080 56 1082 “
114 1079 232 1121 ante
276 1075 436 1123 omnia
484 1074 900 1156 philosophorum
948 1073 1011 1122 de
1056 1090 1147 1133 eo,
1192 1074 1344 1136 quod
1402 1090 1485 1121 688
1479 1090 1518 1121 ·e
1564 1079 1784 1138 putatur,

114 1144 274 1193 varias
311 1145 586 1193 sententias
627 1150 680 1217 et
715 1145 975 1235 opiniones
1013 1144 1349 1208 exploremus.
1397 1138 1478 1210 (P.
1514 1144 1632 1192 24⁶2..
1667 1141 1750 1212 Β.)

255 1226 507 1308 Videntur
544 1260 708 1305 autem
748 1256 1040 1321 philosophi
1075 1262 1273 1306 xeteres
1304 1258 1352 1305 in
1389 1257 1483 1306 hae
1519 1271 1576 1304 re
1613 1270 1787 1338 parum

115 1333 350 1379 accurate
388 1343 501 1376 esse
538 1328 737 1377 versati.
808 1327 1036 1376 Fuerunt
1071 1330 1232 1388 enim,
1284 1329 1368 1391 qui
1403 1329 1532 1376 tria
1569 1342 1683 1374 esse
1719 1319 1788 1374 τὰ

117 1394 252 1449 dvm
306 1403 588 1447 statuerent
634 1399 783 1447 iuter
813 1414 871 1446 se
914 1400 1063 1447 modo
1100 1401 1367 1463 pugnantia
1403 1399 1551 1446 modo
1588 1398 1637 1444 iu
1674 1413 1788 1459 gra-

116 1470 234 1518 tiam
273 1470 427 1517 rede
449 1468 804 1527 itia3fue1·uut
839 1470 960 1516 item
1001 1470 1084 1533 qui
1121 1469 1239 1518 duo
1276 1474 1542 1536 ponerent,
1579 1467 1828 1515 fluiduan

118 1545 171 1588 et
207 1541 423 1605 siccum,
474 1538 687 1587 calidum
725 1543 777 1587 et
813 1538 1081 1602 frigidum.
1129 1541 1213 1604 q‘ui
1263 1540 1463 1603 quidem
1511 1553 1681 1587 omues
1730 1554 1789 1597 ea

115 1615 291 1658 mutuo
338 1611 471 1658 inter
517 1610 628 1673 ipsa
683 1610 819 1657 coire
855 1610 1135 1658 voluerunt.
1205 1610 1298 1660 His
1333 1611 1537 1661 tertium
1574 1599 1788 1657 accessit

119 1696 277 1743 genus
319 1679 768 1744 philosophorum,
805 1679 1099 1741 Eleaticum,
1143 1682 1226 1744 qui
1261 1682 1377 1730 inde
1412 1696 1440 1729 a
1474 1679 1789 1743 Xenophane

119 1755 173 1799 et
219 1751 356 1814 prius
406 1750 569 1798 adhuc
605 1754 888 1798 statuerunt
938 1766 1129 1800 unum
1176 1766 1290 1799 esse
1344 1752 1520 1798 omnia.
1592 1749 1788 1797 lonicae

119 1827 288 1869 autem
325 1826 378 1869 et
402 1820 598 1869 Siculae
633 1819 870 1883 quaedam
897 1819 1077 1869 Musae
1105 1826 1285 1885 postea
1312 1821 1622 1886 prodierunt,
1663 1835 1789 1883 quae

118 1892 423 1947 tutissimum
459 1906 572 1939 esse
611 1895 848 1954 putarunt
871 1890 1057 1952 dicere,
1096 1897 1151 1941 et
1184 1908 1378 1943 unum,
1405 1907 1551 1940 esse
1587 1890 1790 1938 multa

119 1968 174 2011 et
235 1962 436 2016 multa
495 1977 706 2022 unum,
766 1966 979 2025 utraque
1037 1967 1204 2011 autem
1263 1963 1509 2012 contineri
1557 1962 1788 2021 amicitia.

117 2034 338 2095 Quarum
395 2032 693 2081 sententiam
753 2034 952 2095 assequi
1002 2035 1175 2096 utique
1227 2038 1305 2081 est
1355 2033 1504 2097 louge
1550 2031 1788 2079 difficillis-

114 2118 281 2153 mum·
331 2118 494 2166 neque
537 2102 611 2150 illi
661 2101 788 2150 hanc
833 2103 910 2150 rei
956 2103 1303 2152 dlfficultatem
1347 2104 1610 2151 admodum
1650 2115 1790 2149 cura-

117 2180 251 2223 runt.
321 2174 566 2235 Quocirca
611 2174 750 2237 ipsos
799 2174 1080 2222 mittamus:
1124 2173 1376 2222 videamus
1425 2176 1624 2237 potius,
1673 2171 1790 2239 quid

117 2238 183 2296 τὸ
221 2237 286 2295 ὄν
322 2244 439 2293 6886
475 2243 855 2296 existimandum
891 2245 958 2293 sit
995 2240 1179 2311 (usque
1207 2243 1269 2293 ad
1305 2242 1511 2310 12243
1546 2242 1649 2309 D..)

259 2355 356 2406 Est
399 2358 555 2423 igitur
594 2358 721 2407 illud
770 2358 961 2422 ipsum,
1016 2357 1183 2421 quod
1233 2370 1387 2404 esse
1438 2355 1647 2415 dicitur,
1705 2358 1793 2406 aut

121 2428 370 2490 diversum
418 2427 650 2492 quiddam
687 2446 714 2477 a
749 2428 911 2480 calido
957 2432 1011 2477 et
1055 2427 1241 2492 frigido
1289 2427 1500 2489 aliisque
1547 2425 1598 2473 id
1634 2439 1792 2489 genus
1868 2423 1878 2432 ‘

121 2499 416 2559 elementis,
476 2500 737 2557 contrariis
796 2499 895 2548 illis
948 2514 1006 2546 ac
1065 2514 1235 2549 secum
1284 2496 1650 2562 pugnantibus,
1708 2498 1794 2544 aut

122 2567 270 2617 uuum
301 2569 544 2631 quoddam
568 2570 764 2630 exiliis,
801 2575 886 2618 aut
911 2569 1123 2632 denique
1147 2573 1414 2630 utrumque
1441 2571 1591 2629 atque
1615 2567 1792 2616 omnia.

123 2641 179 2688 Si
215 2640 274 2687 ab
312 2640 410 2688 illis
451 2646 530 2689 est
565 2640 841 2699 diversum,
891 2642 986 2688 tria
1036 2643 1121 2687 aut
1166 2639 1310 2705 plina
1358 2638 1578 2689 existunt
1623 2651 1794 2684 rerum

125 2726 370 2774 genera,
386 2709 571 2770 veluti,
621 2727 770 2773 quum
820 2711 915 2758 uia
963 2714 1258 2787 ponuntur,
1290 2724 1405 2768 ens,
1455 2708 1696 2766 calidum,
1740 2709 1794 2755 et

125 2779 390 2842 frigidum:
454 2781 497 2827 si
544 2796 693 2828 unum
741 2779 963 2843 aliquod
1015 2785 1156 2827 certe
1202 2770 1262 2827 τὸ
1313 2770 1377 2826 ὀν
1425 2793 1571 2829 unum
1617 2791 1795 2826 revera

126 2856 231 2898 est:
280 2850 354 2896 sin
406 2850 619 2913 denique
668 2850 858 2909 omnia,
904 2865 1077 2897 rursus
1126 2864 1275 2898 unum
1322 2845 1663 2895 tautummodo
1715 2850 1797 2898 est

127 2936 283 2985 genus
321 2935 511 2979 eorum,
549 2935 674 2983 quae
712 2934 825 2966 esse
858 2925 1109 2983 putantur.
1180 2918 1258 2965 Ex
1287 2932 1383 2980 quo
1422 2916 1657 2975 efficitur,
1696 2930 1794 2983 quo

127 2993 238 3039 iure
276 2989 373 3038 duo
418 2989 498 3037 iel
553 2991 699 3038 etiam
745 2988 886 3057 plura
922 3005 1090 3040 rerum
1125 3003 1311 3050 genera
1347 2987 1406 3034 ab
1447 3002 1506 3035 eo
1545 2987 1677 3053 quod
1715 2987 1795 3037 est

131 3066 395 3127 segregata
430 3066 678 3128 ponantur
714 3055 900 3126 (usque
936 3060 999 3113 ad
1033 3077 1079 3125 p.
1119 3052 1373 3124 244.1,3.).

272 3188 429 3251 Igitur
464 3181 527 3237 τὸ
567 3183 706 3236 εἶναι
741 3185 1096 3250 explorandum
1123 3183 1356 3233 subtilius
1394 3185 1488 3231 est.
1558 3181 1705 3243 Quod
1738 3184 1797 3229 ut

118 3263 274 3309 recte
308 3260 418 3320 fiat,
455 3259 706 3307 audiamus
744 3273 860 3317 eos,
909 3257 993 3319 qui
1025 3257 1089 3305 id
1125 3253 1293 3319 quod
1330 3257 1436 3301 est
1470 3257 1646 3301 unum
1682 3266 1799 3300 6886

137 3331 397 3390 dictitant,
442 3329 541 3378 hoc
593 3333 700 3388 est,
751 3327 1022 3376 Eleaticos.
1094 3326 1292 3375 Ponunt
1325 3325 1476 3388 igitur
1524 3322 1597 3371 illi
1629 3316 1692 3373 τὸ
1733 3316 1796 3369 ὄν

140 3416 255 3451 6886
304 3417 472 3452 uuum.
544 3399 646 3451 Iam
682 3399 726 3449 si
761 3396 824 3449 τὸ
865 3391 930 3449 ὄν
965 3398 1025 3448 ab
1061 3395 1139 3463 τῷ
1185 3395 1264 3451 ἐνί
1307 3409 1405 3446 non
1452 3392 1651 3453 differt,
1698 3390 1795 3440 duo
