2028 3750
715 181 860 234 801²
874 180 1064 232 1118'1*
1078 182 1144 234 A.

222 325 365 406 Cap.
409 320 698 385 XXVIII.
784 321 899 387 ΞΕ.

100 409 368 491 σοφιστὴν
409 410 511 483 οὐχ
555 407 826 482 ἑωρακώς.

228 497 435 553 ΘΕΛΙ.
523 496 590 550 Τι’
630 491 732 562 δή,·

1670 180 1773 232 141

983 321 1260 401 Φανερός,
1315 318 1360 386 αἱ
1404 318 1686 395 &wirnt-e,
1728 323 1777 383 εἶ
1820 325 1866 381 1⁴2

225 575 341 640 ΞΕ
421 575 576 645 Δόξει
630 595 719 633 σοι
778 572 934 649 μύειν
982 572 1020 644 ἢ
1077 572 1437 634 παντάπασιν
1495 573 1597 634 οὐκ
1639 578 1781 649 ἔχειν

101 651 351 735 ὄμματα.

225 745 429 802 ΘΕΛΙ.
510 745 676 811 1159,-

227 824 341 890 ΞΕ.
427 824 544 895 Τὴν
598 824 887 900 ἀπόκρισιν
949 822 1090 883 ὅταν
1142 822 1316 892 οὕτως
1379 822 1532 896 αὐτῷ
1602 821 1780 905 διδῷς,

108 908 253 988 [ἐὰν]
297 917 356 967 ἐν
395 908 724 981 κατόπτροις
764 905 799 977 ἢ
854 909 1136 981 πλάσμασι
1177 911 1332 986 λέγῃς
1370 929 1440 974 τι,
1480 908 1783 978 καταγελά-

105 998 258 1049 osted
299 1013 399 1050 σου
431 997 542 1049 τῶν
583 990 795 1061 λόγων,
837 989 976 1048 ὅταν
1019 988 1092 1056 ὡς
1131 990 1390 1063 βλέποντι
1422 994 1577 1068 λέγῃς
1607 990 1779 1061 αὐτῷ,

106 1073 576 1151 προςποιούμενος
618 1071 743 1130 οὔτε
784 1072 1074 1144 κάτοπτρα
1117 1068 1241 1130 οὔτε
1265 1072 1446 1130 ὕδατα
1470 1071 1920 1144 γιγνώσκεινᾎο

109 1158 236 1216 οὔτε
275 1157 340 1216 τὸ
383 1156 654 1232 παράπαν
693 1155 856 1235 ὄψιν,
899 1154 962 1213 τὸ
1008 1156 1057 1213 δ’
1118 1163 1176 1212 ὲκ
1221 1160 1331 1214 τῶν
1365 1156 1543 1228 λόγων
1583 1155 1785 1233 ἐρωτή-

107 1262 190 1301 σει
233 1261 292 1299 σε
332 1242 526 1316 μόνον.

148 1434 159 1450 Ι
224 1457 438 1502 τοιαῦτ’
480 1457 591 1500 ἴσθ’
639 1456 822 1515 ἕτερα]
855 1458 928 1501 Sic
955 1458 1080 1503 Bodl.
1117 1460 1212 1503 vat.
1244 1460 1351 1503 Ven.
1382 1458 1442 1502 Π.
1475 1457 1605 1501 Editt.
1635 1471 1785 1502 omnes

111 1524 239 1559 ’τοιαιῖ
244 1533 297 1558 τα
326 1514 439 1556 ἐστὶν
465 1515 587 1569 ’ἕτερα

212 1575 277 1616 Ε.
338 1587 468 1612 ostar
513 1571 574 1619 ὡς
610 1571 885 1625 βλέποντι
917 1572 1103 1628 λέγῃς]
1141 1573 1193 1615 V.
1225 1571 1279 1622 ὧς
1307 1573 1469 1626 βλέπων
1506 1586 1574 1623 τι,
1612 1571 1726 1626 quod
1759 1587 1785 1614 e

111 1631 237 1672 Bodl.
268 1630 363 1672 Vat.
396 1629 500 1699 §en
534 1629 592 1671 11.
625 1628 671 1668 Ξ.
702 1626 800 1669 Par.
832 1628 988 1670 BEF.
1017 1615 1136 1670 'Fluxa
1165 1632 1206 1675 b.
1236 1631 1264 1672 i.
1296 1629 1580 1673 emendatum·
1638 1624 1785 1674 Heus-

113 1687 206 1729 diue
240 1687 349 1731 coni.
381 1684 437 1733 ὥς
465 1686 635 1740 βλέπων
661 1684 874 1739 βλέποντι.

226 1745 280 1786 Ρ.
311 1748 405 1784 240.
464 1757 592 1783 ουτε
622 1741 680 1782 τὸ
715 1740 978 1797 παράπαν
1005 1740 1174 1794 ὄψιν]
1206 1738 1284 1792 τὸ,
1314 1740 1428 1794 quod
1455 1740 1678 1784 Heindorf.
1710 1741 1789 1784 ad-

115 1800 299 1842 dendum
338 1799 537 1851 coniecit,
575 1797 854 1850 exhibuerunt
890 1798 1016 1842 Bodl.
1055 1798 1154 1842 Vat.
1193 1796 1304 1844 Ven.
1341 1799 1403 1841 Π.
1437 1799 1566 1843 Coisl
1597 1799 1696 1841 Par.
1727 1798 1789 1842 H.

113 1857 227 1900 Flor.
264 1857 345 1900 b.·
332 1871 359 1902 1.

115 2027 208 2065 tere
238 2023 393 2077 (usque
421 2022 474 2065 ad
505 2037 547 2078 p.
579 2027 677 2066 241.
708 2024 746 2067 D
751 2024 802 2080 .).

172 2081 224 2121 D.
283 2083 336 2120 ἐκ
375 2077 572 2134 ταύτης
611 2082 698 2134 τῆς
723 2080 916 2138 χρείας

115 2134 215 2178 τῶν
245 2130 510 2191 λόγων-1
543 2151 607 2180 ex
637 2138 729 2180 hac
757 2151 913 2179 usur-

116 2193 342 2247 patione
371 2193 454 2234 τῶν
481 2192 560 2249 λό]
565 2211 618 2235 ων
647 2194 785 2250 (quod
815 2207 913 2236 eum

116 2249 312 2292 videlicet
351 2250 526 2292 dicimus
562 2257 710 2294 tenere
747 2265 913 2305 φαντα-

117 2301 264 2358 στικῆν
295 2307 473 2361 τέχνην)
519 2320 616 2349 nos
655 2307 910 2361 aggredi—

120 2375 214 2404 ens
269 2355 684 2417 disputationes
731 2367 912 2406 vertet

117 2420 167 2461 in
192 2421 546 2472 contrarium,
570 2422 643 2462 ita
659 2424 728 2471 ut,
748 2433 911 2473 quan-

119 2476 185 2517 do
226 2488 345 2518 eum
384 2489 642 2519 vocamus
693 2477 910 2519 simula-

119 2544 335 2573 crorum
383 2533 664 2586 fictorem,
714 2545 779 2575 ex
823 2546 911 2574 no-

119 2588 200 2629 bis
229 2589 720 2642 scisciteturzquid
750 2589 912 2631 omni-

120 2656 183 2685 no
231 2644 581 2688 simulacrum
630 2645 912 2687 dicamus?

118 2701 434 2742 Declaravimus
500 2701 580 2742 loci
645 2702 912 2753 sententiam,

119 2769 203 2809 quo
232 2756 394 2799 facilius
423 2762 639 2810 appareat,
669 2758 811 2809 quanti
839 2771 916 2799 ae-

121 2812 318 2854 stimandi
348 2814 402 2854 sit
430 2813 663 2865 scripturae
692 2813 915 2854 diversitas

123 2882 250 2922 supra
289 2881 342 2910 ex
381 2870 554 2923 optimis
583 2869 832 2923 quibusdam
862 2869 915 2910 li-

122 2927 211 2967 bris
243 2931 426 2966 enotata.

178 2981 232 3021 τί
259 2996 339 3029 τις
378 2979 448 3036 τῷ
487 2982 672 3034 νεανίᾳ
699 3003 757 3013 -—
784 2977 916 3022 ἄπο-

121 3041 432 3092 κρινεῖται]
476 3039 536 3080 Η.
570 3052 606 3080 e.
639 3037 793 3080 homini
838 3051 913 3091 pe-

120 3094 293 3145 tulanti,
352 3094 406 3135 de
455 3108 540 3148 quo
590 3107 668 3135 usu
718 3094 915 3136 vocabuli

122 3156 291 3205 praeter
322 3150 706 3192 Heindorsium
734 3150 785 3192 ad
816 3149 854 3191 h.
888 3151 915 3191 Ι.

122 3220 162 3246 v.
195 3207 500 3249 Markland.
540 3207 596 3250 ad
628 3207 730 3249 Eur·
767 3206 917 3261 Suppl.

123 3276 231 3387 vll-E
308 3314 407 3371 Τῆν
453 3314 741 3383 ἀπόκρισιν
785 3331 920 3359 οταν

123 3390 293 3430 ουτως
337 3392 398 3419 av
418 3392 483 3434 τω
522 3376 679 3434 &adme
699 3374 787 3432 -J
833 3374 920 3422 Fa-

998 2027 1094 2066 cete
1125 2028 1170 2065 et
1205 2022 1367 2067 urbane
1405 2022 1609 2065 admonet
1644 2022 1791 2066 adole-

997 2085 1212 2132 scentem,
1251 2093 1336 2122 non
1365 2079 1619 2134 singularum
1647 2093 1791 2124 rerum

997 2138 1203 2191 exemplis
1235 2137 1447 2179 simulacri
1463 2137 1679 2179 notionem
1711 2137 1790 2178 de-

997 2194 1240 2236 clarandam
1262 2207 1374 2246 esse,
1407 2193 1484 2236 sed
1501 2194 1683 2235 universi
1711 2206 1790 2247 ge-

995 2252 1109 2292 neris
1137 2250 1421 2292 definitionem
1441 2250 1606 2303 requiri.
1626 2250 1791 2294 Quam-

996 2308 1144 2349 obrem
1202 2306 1434 2361 sophistam
1493 2307 1575 2359 ait,
1639 2310 1791 2361 utpote

996 2364 1192 2405 callidum
1220 2368 1532 2414 veteratorem,
1575 2362 1653 2405 hac
1688 2375 1792 2404 usu-

994 2433 1089 2462 rum
1127 2433 1223 2462 esse
1263 2420 1560 2471 excusatione,
1605 2424 1653 2460 ut
1691 2432 1792 2462 sese

995 2478 1213 2518 oculorum
1243 2476 1380 2518 aciem
1411 2478 1607 2518 obtusam
1636 2475 1794 2518 habere

996 2533 1187 2585 simulet,
1222 2533 1405 2587 ideoque
1437 2533 1487 2574 τό
1518 2532 1588 2573 διὰ
1620 2529 1793 2573 πάντων

994 2586 1176 2641 τούτων,
1224 2588 1263 2630 h.
1297 2602 1334 2633 e.
1370 2590 1610 2631 universnm
1640 2602 1790 2642 genus,

995 2658 1080 2698 quo
1130 2645 1293 2698 singula
1338 2646 1478 2687 omnia
1513 2644 1796 2699 comprehen-

997 2702 1174 2752 dantur,
1223 2701 1483 2743 afferendum
1531 2714 1628 2742 esse
1676 2701 1790 2742 arbi-

996 2762 1145 2799 tretur.
1204 2757 1311 2799 Illud
1357 2754 1455 2809 ἐιίν,
1498 2757 1616 2797 uncis
1658 2757 1790 2799 inclu-

999 2825 1108 2863 sum,
1138 2813 1291 2854 merito
1321 2812 1364 2853 in
1393 2813 1478 2854 vitii
1509 2813 1788 2867 suspicionem

998 2868 1192 2909 vocavit
1203 2868 1578 2911 Heindorfius.
1639 2868 1791 2923 Neque

999 2924 1112 2966 enim
1149 2921 1244 2976 ἐάν,
1296 2924 1374 2966 scd
1414 2939 1522 2965 οταν
1566 2925 1789 2969 dicendum

999 2979 1097 3032 suit,
1134 2980 1248 3032 quod
1290 2984 1433 3023 tamen
1460 2982 1604 3023 iterari
1641 2982 1682 3023 in
1711 2980 1790 3024 hac

999 3037 1228 3090 epexegesi
1248 3048 1333 3078 non
1352 3050 1460 3092 opus
1488 3036 1579 3080 fuit.
1595 3037 1788 3109 Eurip.

997 3092 1211 3134 Heraclid.
1244 3105 1283 3133 v.
1317 3096 1411 3134 1⁶19.
1449 3109 1508 3149 μη
1547 3092 1699 3165 πάθης
1736 3094 1788 3136 αὖ

998 3148 1081 3190 τοῦ
1082 3163 1148 3201 το,
1179 3144 1282 3197 τοῦς
1299 3145 1525 3219 ἀμείνονας
1542 3137 1687 3207 παρον
1715 3151 1794 3205 φ(-

998 3204 1102 3252 λους
1130 3204 1325 3255 ἑλέσθαι,
1357 3203 1463 3254 τοὺς
1490 3209 1684 3254 κακίονας
1712 3206 1792 3249 λά-

999 3264 1090 3317 βης.
1129 3262 1239 3303 conf.
1269 3262 1402 3316 Gorg.
1439 3277 1480 3319 p.
1511 3269 1609 3308 450.
1648 3265 1701 3308 Α.
1733 3265 1787 3307 Β.

1001 3322 1100 3360 46⁵.
1140 3319 1194 3360 D.
1226 3321 1324 3360 4¹19.
1357 3319 1406 3361 G.
1448 3324 1494 3364 et
1526 3333 1636 3377 quae
1671 3321 1789 3364 attuli

998 3372 1059 3419 ad
1084 3373 1211 3432 Apol.
1256 3375 1376 3421 socr.
1407 3388 1445 3421 c.
1477 3380 1518 3420 τ.
1585 3376 1675 3422 Sed
1710 3389 1788 3420 no-
