2028 3750
217 190 290 252 22
798 192 1320 255 ‚PROLEGOMENA

218 332 459 392 vocabula
491 347 637 393 unam
675 334 983 398 eandemque
1005 351 1115 392 rem
1139 334 1486 402 designabunt,
1520 333 1589 386 id.
1611 335 1743 401 quod
1779 351 1898 402 per·

218 419 367 479 quam
416 404 677 463 ridiculum
725 410 832 464 est3
867 404 992 454 ’nam
1041 407 1115 463 ita
1161 413 1306 459 certe
1355 408 1477 464 nihil
1527 407 1712 456 dicitur
1747 407 1900 469 aliud,

220 491 367 539 quam
402 491 552 533 ιιιιιιιιι
589 491 704 523 esse
733 491 892 532 unum
928 480 1014 534 aut
1050 493 1139 532 ens
1177 493 1293 527 esse
1329 495 1433 528 ens,
1505 477 1592 531 SIn
1629 484 1798 534 autem
1832 473 1896 530 τὸ

222 547 280 598 ἕν
315 549 369 602 ,et
403 540 466 595 τὸ
507 540 572 595 ὄν
607 546 742 603 inter
778 562 835 595 se
873 547 1070 596 diversa
1106 554 1247 605 sunt
1293 554 1379 607 aut
1426 549 1524 598 duo
1575 549 1635 598 ab
1671 549 1771 600 illis
1808 564 1900 614 po-

220 621 406 672 nuntur
452 616 723 684 principia,
786 618 921 680 quod
970 617 1262 668 adversatur
1309 620 1533 685 ipsorum
1578 613 1901 680 ,sententiae3

221 692 308 734 aut
342 686 638 744 alterutrum
676 686 969 737 xocabulum
1010 690 1134 745 nihil
1171 691 1379 744 denotat
1415 693 1511 744 nisi
1549 690 1685 739 forte
1720 705 1903 752 nomeu

219 757 412 819 ipsum,
465 767 522 806 ut
569 758 783 807 nominis
827 775 1006 808 nomen
1056 776 1169 808 esse
1219 760 1482 814 dicendum
1533 763 1643 821 sit,
1681 760 1731 809 id
1771 759 1904 824 quod

219 841 318 875 ιιοιι
355 828 554 877 videtur
586 830 770 877 rationi
807 836 1198 884 cousentaneum
1251 847 1383 889 esse.¹
1454 831 1579 883 Nam
1615 832 1714 885 isto
1751 832 1903 880 modo

220 902 439 958 mutuam
483 901 692 953 nominis
737 907 792 948 et
830 901 974 952 unius
1016 903 1260 958 rationem
1299 902 1549 961 sublatum
1586 903 1649 952 iri
1683 901 1903 959 manife-

223 973 356 1028 stum
395 974 476 1029 est
513 965 696 1038 (usque
733 970 793 1018 ad
833 988 880 1036 p.
918 973 1037 1020 244.
1074 969 1178 1039 D..)

361 1073 783 1137 Porro'Eleatac
829 1083 947 1131 huic
999 1084 1081 1132 un'i
1117 1085 1268 1133 etiam
1303 1085 1517 1133 totius
1553 1086 1788 1135 virtutem
1826 1089 1902 1135 at-

221 1151 477 1210 tribuunt,
525 1155 658 1209 unde
710 1154 1034 1205 Parmenides
1081 1155 1201 1203 illud
1256 1156 1407 1203 etiam
1446 1155 1553 1202 vult
1587 1157 1902 1222 sphaericam

219 1222 410 1283 habere
445 1225 668 1288 figuram.
742 1226 914 1274 Omnis
951 1231 1116 1282 autem
1155 1226 1368 1290 sphaera
1405 1226 1559 1275 habet
1593 1228 1811 1276 medium
1852 1233 1906 1284 et

222 1296 597 1357 extremitates,
643 1295 858 1360 ideoque
901 1297 951 1344 iu
1001 1301 1171 1360 partes
1218 1296 1367 1346 dividi
1412 1302 1598 1362 potest.
1679 1298 1757 1347 Ex
1803 1314 1903 1362 quo

221 1367 573 1430 consequitur,
622 1372 679 1418 ut
731 1366 862 1430 quod
913 1368 1013 1413 isto
1060 1366 1208 1415 modo
1247 1371 1408 1415 toturn
1446 1368 1647 1431 aliquod
1682 1370 1905 1430 conticit,

219 1437 272 1495 id
322 1451 422 1486 non
471 1437 635 1502 possit
679 1453 795 1486 esse
830 1438 1041 1501 ipsum
1077 1453 1292 1498 unum,
1341 1439 1475 1501 quod
1514 1444 1656 1497 cegte
1687 1442 1905 1504 partium

221 1523 403 1572 expers
439 1510 505 1558 sit
543 1525 752 1557 necesse
792 1517 884 1556 est.
938 1508 1051 1569 At,
1089 1509 1272 1557 dixerit
1310 1508 1583 1572 quispiam,
1621 1515 1792 1574 potest
1827 1515 1904 1559 ta-

220 1593 335 1639 men
372 1593 523 1638 ιιιιιιιιι
560 1596 654 1644 per
690 1580 920 1627 accidens
969 1594 1084 1627 esse
1120 1584 1309 1636 totum,
1358 1580 1428 1626 ita
1474 1584 1528 1627 ut
1563 1580 1905 1639 tantummodo

221 1645 416 1711 πάθος
462 1650 550 1720 ἔχῃ
604 1649 703 1700 τοῦ
752 1647 914 1710 ὅλου,
958 1654 1014 1698 ut
1061 1649 1243 1698 Gracci
1289 1649 1574 1712 loquuntur.
1657 1651 1725 1700 At
1772 1652 1904 1707 euim

219 1734 341 1768 vero
378 1736 527 1771 unum
566 1722 609 1769 si
644 1725 722 1769 est
746 1720 975 1769 accidens
999 1722 1177 1782 totius,
1213 1725 1454 1785 protenus
1492 1721 1619 1769 duae
1645 1727 1908 1786 emergunt

220 1797 458 1850 naturae3
509 1792 585 1841 sin
634 1800 800 1841 autem
851 1807 941 1840 ens
988 1797 1151 1840 totum
1191 1792 1387 1840 omnino
1424 1806 1522 1845 ιιοιι
1562 1796 1667 1854 est,
1714 1808 1780 1841 ne
1815 1808 1905 1842 ens

221 1863 421 1925 quidem
467 1867 576 1920 est,
634 1863 864 1929 *adeoque
912 1878 1144 1916 uon-ens
1210 1863 1337 1922 erit,
1394 1862 1799 1931 quandoquidem
1832 1864 1902 1925 id,

222 1933 352 1996 quod
392 1947 490 1983 non
526 1938 606 1982 est
641 1939 822 1993 totum,
861 1949 955 1982 nec
981 1950 1069 1982 ens
1091 1949 1207 1982 esse
1236 1949 1389 1997 posse
1413 1949 1585 1982 omnes
1613 1934 1904 1999 largiuntur.

220 2002 495 2053 Praeterea
531 2005 612 2064 id,
650 2006 786 2068 quod
825 2004 912 2065 fit,
952 2020 1156 2069 semper
1194 2006 1343 2052 etiam
1387 2009 1551 2059 totum
1585 2005 1658 2054 fit.
1731 2005 1905 2069 Itaque

222 2075 305 2137 qui
341 2080 505 2131 totum
546 2080 599 2134 et
634 2091 783 2124 unum
821 2076 973 2124 rebus
1010 2077 1258 2135 eximfunt,
1295 2076 1328 2122 ii
1366 2075 1550 2124 tollunt
1586 2091 1780 2130 omnem
1818 2091 1902 2124 re-

219 2161 332 2204 rum
371 2153 560 2206 ortum,
603 2146 704 2196 imo
743 2146 894 2205 etiam
934 2162 1104 2205 earum
1142 2147 1427 2195 essentiam.
1499 2146 1672 2210 Itaque
1711 2148 1816 2195 sive
1851 2147 1903 2196 id

222 2217 356 2279 quod
403 2222 483 2266 est
531 2216 630 2265 duo
686 2218 791 2266 sive
838 2233 989 2266 unum
1031 2223 1230 2265 tantum
1267 2218 1612 2281 posuerImus,
1661 2219 1903 2268 maximae

220 2302 342 2336 sane
402 2292 455 2341 et
515 2303 726 2353 prorsus
796 2288 1182 2350 innumerabiles
1242 2293 1503 2353 emergent
1559 2287 1905 2347 difficultates.

222 2358 408 2434 (usque
447 2357 509 2406 ad
547 2375 597 2422 p.
636 2357 755 2409 245.
793 2346 898 2424 Ε.)

359 2455 431 2515 Εἰ
466 2455 710 2504 hactenus
750 2456 950 2519 quidem
993 2457 1057 2505 de
1094 2457 1155 2504 iis
1184 2457 1411 2516 diximus,
1450 2456 1532 2520 qui
1570 2456 1635 2504 de
1671 2471 1732 2506 eo
1771 2455 1903 2522 quod

220 2529 302 2586 est
337 2530 390 2575 et
426 2525 489 2574 de
527 2542 588 2582 eo
627 2527 757 2589 quod
795 2542 894 2575 nou
931 2532 1010 2575 est
1041 2528 1391 2590 quaesiverunt
1428 2527 1686 2587 subtilius,
1743 2524 1902 2591 quan-

220 2613 366 2661 quam
415 2612 516 2655 ιιοιι
566 2613 738 2645 omues
787 2598 1150 2653 recensuimus.
1224 2597 1413 2652 Iuvabit
1465 2614 1585 2650 vero
1623 2599 1772 2647 etiam
1812 2614 1901 2647 eos

219 2667 494 2728 audivisse,
551 2668 635 2731 qui
685 2684 831 2717 secus
883 2668 1008 2716 haec
1060 2671 1352 2717 tractarunt.
1427 2667 1498 2717 Ita
1547 2669 1678 2717 enim
1716 2671 1902 2718 certius

221 2739 371 2796 etiam
409 2738 555 2797 nobis
608 2740 863 2822 constabit
906 2733 968 2789 τὸ
1024 2733 1086 2788 ὅν
1135 2755 1234 2787 uon
1285 2755 1400 2787 esse
1455 2740 1516 2789 ad
1559 2739 1902 2807 explicandum

219 2808 419 2869 facilius
458 2826 603 2874 quam
640 2803 702 2860 τὸ
743 2804 820 2875 μὴ
858 2804 936 2859 ὅν
1008 2808 1210 2875 Dupiex
1263 2817 1427 2861 autem
1465 2811 1548 2858 hic
1584 2812 1755 2876 prodit
1786 2811 1900 2878 phi-

217 2879 546 2946 Iosophorum
584 2880 786 2939 familia.
861 2881 958 2930 Alii
995 2882 1124 2929 enim
1163 2881 1212 2930 id
1250 2881 1591 2931 tantummodo
1628 2898 1748 2931 vere
1787 2898 1902 2937 esse

220 2951 552 3011 arbitrantur,
601 2952 732 3015 quod
771 2967 1069 3017 corporeum
1111 2953 1178 3001 sit
1214 2954 1545 3015 sensibusque
1582 2955 1745 3018 possit
1781 2969 1900 3003 con·

219 3022 456 3082 trectari3
492 3023 574 3078 aiii
613 3024 893 3072 essentiam·
918 3023 1166 3072 vindicare
1204 3024 1410 3075 student
1444 3025 1550 3073 uuis
1579 3023 1753 3085 formis
1791 3024 1899 3088 qui-

220 3090 425 3143 busdam
473 3094 855 3156 cogitabilibus,
915 3110 1040 3158 quae
1105 3095 1262 3142 omnis
1325 3110 1600 3158 corporeae
1662 3095 1900 3144 materiae

223 3168 460 3232 expentzs
498 3171 666 3212 mente
716 3170 908 3214 tautum
945 3171 1092 3228 atque
1130 3167 1291 3213 animo
1330 3166 1687 3229 intelligantur.
1758 3165 1897 3215 Inter

215 3234 466 3293 utiosqne
513 3242 678 3283 autem
730 3236 920 3291 medios
960 3251 1163 3300 semper
1199 3237 1424 3290 immanis
1464 3237 1701 3304 quaedam
1738 3234 1899 3283 cietur

222 3317 388 3367 pugna
424 3302 560 3352 inter
609 3321 665 3352 se
712 3306 1109 3362 dissentientium
1149 3307 1582 3372 philosophorum.
1653 3306 1721 3354 Et
1755 3306 1897 3370 prius

222 3373 424 3437 quidem
459 3388 618 3436 genus
655 3390 856 3439 eorum,
905 3379 990 3441 qui
1026 3393 1348 3441 quaecunque
1401 3380 1502 3428 siut
1537 3377 1709 3436 cadem
1747 3377 1897 3427 etiam
