<?xml version="1.0" encoding="UTF-8"?>
<!DOCTYPE html PUBLIC "-//W3C//DTD XHTML 1.0 Transitional//EN"
    "http://www.w3.org/TR/xhtml1/DTD/xhtml1-transitional.dtd">
<html xmlns="http://www.w3.org/1999/xhtml" xml:lang="en" lang="en">
 <head>
  <title>
</title>
<meta http-equiv="Content-Type" content="text/html;charset=utf-8" />
  <meta name='ocr-system' content='tesseract 3.04.00' />
  <meta name='ocr-capabilities' content='ocr_page ocr_carea ocr_par ocr_line ocrx_word'/>
</head>
<body>
  <div class='ocr_page' id='page_1' title='image "./s1s2operaomniare08platuoft_0031.png"; bbox 0 0 2028 3750; ppageno 0'>
   <div class='ocr_carea' id='block_1_1' title="bbox 575 190 1734 249">
    <p class='ocr_par' dir='ltr' id='par_1_1' title="bbox 575 190 1734 249">
     <span class='ocr_line' id='line_1_1' title="bbox 575 190 1734 249; baseline 0.003 -3"><span class='ocrx_word' id='word_1_1' title='bbox 575 193 664 246; x_wconf 80' lang='lat' dir='ltr'><strong>AD</strong></span> <span class='ocrx_word' id='word_1_2' title='bbox 701 190 1201 246; x_wconf 71' lang='lat' dir='ltr'><strong>THEAETETUM.</strong></span> <span class='ocrx_word' id='word_1_3' title='bbox 1667 194 1734 249; x_wconf 74' lang='lat'><strong>21</strong></span> 
     </span>
    </p>
   </div>
   <div class='ocr_carea' id='block_1_2' title="bbox 57 321 1748 552">
    <p class='ocr_par' dir='ltr' id='par_1_2' title="bbox 57 321 1748 552">
     <span class='ocr_line' id='line_1_2' title="bbox 57 321 1734 407; baseline -0.003 -12"><span class='ocrx_word' id='word_1_4' title='bbox 57 361 117 394; x_wconf 86' lang='lat' dir='ltr'><strong>ac</strong></span> <span class='ocrx_word' id='word_1_5' title='bbox 153 341 463 407; x_wconf 77' lang='lat' dir='ltr'><strong>disciplinam</strong></span> <span class='ocrx_word' id='word_1_6' title='bbox 489 337 864 402; x_wconf 72' lang='lat' dir='ltr'><strong>expetiverunt.</strong></span> <span class='ocrx_word' id='word_1_7' title='bbox 939 337 1112 401; x_wconf 85' lang='lat' dir='ltr'><strong>ltaque</strong></span> <span class='ocrx_word' id='word_1_8' title='bbox 1147 338 1260 401; x_wconf 77' lang='lat' dir='ltr'><strong>ipse</strong></span> <span class='ocrx_word' id='word_1_9' title='bbox 1298 321 1600 404; x_wconf 81' lang='lat' dir='ltr'><strong>Protagoras</strong></span> <span class='ocrx_word' id='word_1_10' title='bbox 1640 341 1734 390; x_wconf 77' lang='lat' dir='ltr'><strong>de·-</strong></span> 
     </span>
     <span class='ocr_line' id='line_1_3' title="bbox 58 408 1748 476; baseline -0.004 -11"><span class='ocrx_word' id='word_1_11' title='bbox 58 408 167 465; x_wconf 82' lang='lat' dir='ltr'><strong>buit</strong></span> <span class='ocrx_word' id='word_1_12' title='bbox 206 412 510 470; x_wconf 75' lang='lat' dir='ltr'><strong>concedere,</strong></span> <span class='ocrx_word' id='word_1_13' title='bbox 547 424 645 458; x_wconf 89' lang='lat' dir='ltr'><strong>non</strong></span> <span class='ocrx_word' id='word_1_14' title='bbox 682 409 980 472; x_wconf 84' lang='lat' dir='ltr'><strong>quemlibet,</strong></span> <span class='ocrx_word' id='word_1_15' title='bbox 1021 410 1110 458; x_wconf 89' lang='lat' dir='ltr'><strong>sed</strong></span> <span class='ocrx_word' id='word_1_16' title='bbox 1157 412 1496 458; x_wconf 81' lang='lat' dir='ltr'><strong>tantummodo</strong></span> <span class='ocrx_word' id='word_1_17' title='bbox 1534 413 1748 476; x_wconf 45' lang='lat' dir='ltr'><strong>sapiens</strong></span> 
     </span>
     <span class='ocr_line' id='line_1_4' title="bbox 58 479 1728 552; baseline -0.008 -16"><span class='ocrx_word' id='word_1_18' title='bbox 58 491 163 536; x_wconf 82' lang='lat' dir='ltr'><strong>tem</strong></span> <span class='ocrx_word' id='word_1_19' title='bbox 200 500 294 552; x_wconf 85' lang='lat' dir='ltr'><strong>pro</strong></span> <span class='ocrx_word' id='word_1_20' title='bbox 331 497 502 532; x_wconf 87' lang='lat' dir='ltr'><strong>rerum</strong></span> <span class='ocrx_word' id='word_1_21' title='bbox 535 496 769 535; x_wconf 82' lang='lat' dir='ltr'><strong>mensura</strong></span> <span class='ocrx_word' id='word_1_22' title='bbox 804 486 944 528; x_wconf 86' lang='lat' dir='ltr'><strong>recte</strong></span> <span class='ocrx_word' id='word_1_23' title='bbox 980 479 1155 528; x_wconf 82' lang='lat' dir='ltr'><strong>haberi</strong></span> <span class='ocrx_word' id='word_1_24' title='bbox 1192 496 1376 545; x_wconf 77' lang='lat' dir='ltr'><strong>posse3</strong></span> <span class='ocrx_word' id='word_1_25' title='bbox 1415 508 1477 519; x_wconf 88' lang='lat'><strong>--</strong></span> <span class='ocrx_word' id='word_1_26' title='bbox 1521 484 1635 533; x_wconf 71' lang='lat'><strong>179,</strong></span> <span class='ocrx_word' id='word_1_27' title='bbox 1672 484 1728 532; x_wconf 73' lang='grc' dir='ltr'><strong>Β,</strong></span> 
     </span>
    </p>
   </div>
   <div class='ocr_carea' id='block_1_3' title="bbox 30 615 1777 2180">
    <p class='ocr_par' dir='ltr' id='par_1_3' title="bbox 30 615 1777 2180">
     <span class='ocr_line' id='line_1_5' title="bbox 192 615 1725 686; baseline 0.002 -14"><span class='ocrx_word' id='word_1_28' title='bbox 192 622 296 672; x_wconf 88' lang='lat' dir='ltr'><strong>Sed</strong></span> <span class='ocrx_word' id='word_1_29' title='bbox 338 615 603 670; x_wconf 48' lang='lat' dir='ltr'><strong>ridendum</strong></span> <span class='ocrx_word' id='word_1_30' title='bbox 655 625 736 668; x_wconf 84' lang='lat' dir='ltr'><strong>est</strong></span> <span class='ocrx_word' id='word_1_31' title='bbox 785 622 936 669; x_wconf 82' lang='lat' dir='ltr'><strong>etiam</strong></span> <span class='ocrx_word' id='word_1_32' title='bbox 990 621 1052 669; x_wconf 88' lang='lat' dir='ltr'><strong>de</strong></span> <span class='ocrx_word' id='word_1_33' title='bbox 1103 624 1454 686; x_wconf 83' lang='lat' dir='ltr'><strong>praesentibus</strong></span> <span class='ocrx_word' id='word_1_34' title='bbox 1492 640 1725 675; x_wconf 82' lang='lat' dir='ltr'><strong>sensuum</strong></span> 
     </span>
     <span class='ocr_line' id='line_1_6' title="bbox 50 691 1723 760; baseline 0.001 -18"><span class='ocrx_word' id='word_1_35' title='bbox 50 695 425 753; x_wconf 81' lang='lat' dir='ltr'><strong>affectionibus,</strong></span> <span class='ocrx_word' id='word_1_36' title='bbox 476 694 529 742; x_wconf 90' lang='lat' dir='ltr'><strong>in</strong></span> <span class='ocrx_word' id='word_1_37' title='bbox 577 692 756 756; x_wconf 84' lang='lat' dir='ltr'><strong>quibus</strong></span> <span class='ocrx_word' id='word_1_38' title='bbox 809 691 1086 740; x_wconf 83' lang='lat' dir='ltr'><strong>Heraclitei</strong></span> <span class='ocrx_word' id='word_1_39' title='bbox 1122 696 1226 742; x_wconf 81' lang='lat' dir='ltr'><strong>veri</strong></span> <span class='ocrx_word' id='word_1_40' title='bbox 1263 693 1595 760; x_wconf 81' lang='lat' dir='ltr'><strong>cognitionem</strong></span> <span class='ocrx_word' id='word_1_41' title='bbox 1651 698 1723 744; x_wconf 69' lang='lat' dir='ltr'><strong>si-</strong></span> 
     </span>
     <span class='ocr_line' id='line_1_7' title="bbox 47 764 1720 829; baseline 0 -15"><span class='ocrx_word' id='word_1_42' title='bbox 47 771 150 814; x_wconf 87' lang='lat' dir='ltr'><strong>tam</strong></span> <span class='ocrx_word' id='word_1_43' title='bbox 190 782 305 814; x_wconf 83' lang='lat' dir='ltr'><strong>esse</strong></span> <span class='ocrx_word' id='word_1_44' title='bbox 345 769 541 829; x_wconf 87' lang='lat' dir='ltr'><strong>putant,</strong></span> <span class='ocrx_word' id='word_1_45' title='bbox 592 764 807 812; x_wconf 82' lang='lat' dir='ltr'><strong>obscure</strong></span> <span class='ocrx_word' id='word_1_46' title='bbox 855 767 1020 810; x_wconf 88' lang='lat' dir='ltr'><strong>tamen</strong></span> <span class='ocrx_word' id='word_1_47' title='bbox 1058 764 1130 811; x_wconf 88' lang='lat' dir='ltr'><strong>illi</strong></span> <span class='ocrx_word' id='word_1_48' title='bbox 1166 781 1222 812; x_wconf 84' lang='lat' dir='ltr'><strong>ac</strong></span> <span class='ocrx_word' id='word_1_49' title='bbox 1263 767 1505 829; x_wconf 80' lang='lat' dir='ltr'><strong>perplexe</strong></span> <span class='ocrx_word' id='word_1_50' title='bbox 1543 767 1606 814; x_wconf 82' lang='lat' dir='ltr'><strong>de</strong></span> <span class='ocrx_word' id='word_1_51' title='bbox 1640 767 1720 816; x_wconf 82' lang='lat' dir='ltr'><strong>his</strong></span> 
     </span>
     <span class='ocr_line' id='line_1_8' title="bbox 48 832 1719 899; baseline 0.001 -15"><span class='ocrx_word' id='word_1_52' title='bbox 48 837 199 885; x_wconf 88' lang='lat' dir='ltr'><strong>rebus</strong></span> <span class='ocrx_word' id='word_1_53' title='bbox 239 838 572 899; x_wconf 78' lang='lat' dir='ltr'><strong>disputantes·</strong></span> <span class='ocrx_word' id='word_1_54' title='bbox 643 832 771 881; x_wconf 87' lang='lat' dir='ltr'><strong>Nam</strong></span> <span class='ocrx_word' id='word_1_55' title='bbox 808 849 895 881; x_wconf 84' lang='lat' dir='ltr'><strong>eos</strong></span> <span class='ocrx_word' id='word_1_56' title='bbox 935 833 1160 896; x_wconf 85' lang='lat' dir='ltr'><strong>quidem,</strong></span> <span class='ocrx_word' id='word_1_57' title='bbox 1199 837 1281 898; x_wconf 87' lang='lat' dir='ltr'><strong>qui</strong></span> <span class='ocrx_word' id='word_1_58' title='bbox 1320 837 1504 886; x_wconf 82' lang='lat' dir='ltr'><strong>sistunt</strong></span> <span class='ocrx_word' id='word_1_59' title='bbox 1539 839 1719 898; x_wconf 83' lang='lat' dir='ltr'><strong>omnia,</strong></span> 
     </span>
     <span class='ocr_line' id='line_1_9' title="bbox 46 903 1717 967; baseline 0.002 -13"><span class='ocrx_word' id='word_1_60' title='bbox 46 921 146 955; x_wconf 83' lang='lat' dir='ltr'><strong>non</strong></span> <span class='ocrx_word' id='word_1_61' title='bbox 181 910 404 962; x_wconf 86' lang='lat' dir='ltr'><strong>movent,</strong></span> <span class='ocrx_word' id='word_1_62' title='bbox 444 906 496 952; x_wconf 90' lang='lat' dir='ltr'><strong>in</strong></span> <span class='ocrx_word' id='word_1_63' title='bbox 531 903 791 967; x_wconf 73' lang='lat' dir='ltr'><strong>praesenti</strong></span> <span class='ocrx_word' id='word_1_64' title='bbox 826 905 1107 963; x_wconf 82' lang='lat' dir='ltr'><strong>mittamus,</strong></span> <span class='ocrx_word' id='word_1_65' title='bbox 1145 905 1346 954; x_wconf 84' lang='lat' dir='ltr'><strong>illorum</strong></span> <span class='ocrx_word' id='word_1_66' title='bbox 1382 908 1527 955; x_wconf 89' lang='lat' dir='ltr'><strong>unice</strong></span> <span class='ocrx_word' id='word_1_67' title='bbox 1563 910 1717 957; x_wconf 83' lang='lat' dir='ltr'><strong>ratio-</strong></span> 
     </span>
     <span class='ocr_line' id='line_1_10' title="bbox 45 974 1715 1041; baseline 0.001 -14"><span class='ocrx_word' id='word_1_68' title='bbox 45 993 160 1027; x_wconf 88' lang='lat' dir='ltr'><strong>nem</strong></span> <span class='ocrx_word' id='word_1_69' title='bbox 198 993 327 1027; x_wconf 89' lang='lat' dir='ltr'><strong>nnnc</strong></span> <span class='ocrx_word' id='word_1_70' title='bbox 364 975 652 1040; x_wconf 88' lang='lat' dir='ltr'><strong>diligentius</strong></span> <span class='ocrx_word' id='word_1_71' title='bbox 674 974 998 1037; x_wconf 80' lang='lat' dir='ltr'><strong>exploraturi.</strong></span> <span class='ocrx_word' id='word_1_72' title='bbox 1071 975 1410 1026; x_wconf 81' lang='lat' dir='ltr'><strong>Discernenda</strong></span> <span class='ocrx_word' id='word_1_73' title='bbox 1435 979 1589 1041; x_wconf 86' lang='lat' dir='ltr'><strong>igitur</strong></span> <span class='ocrx_word' id='word_1_74' title='bbox 1615 980 1715 1028; x_wconf 85' lang='lat' dir='ltr'><strong>duo</strong></span> 
     </span>
     <span class='ocr_line' id='line_1_11' title="bbox 44 1047 1718 1112; baseline 0.001 -15"><span class='ocrx_word' id='word_1_75' title='bbox 44 1053 268 1098; x_wconf 85' lang='lat' dir='ltr'><strong>motuum</strong></span> <span class='ocrx_word' id='word_1_76' title='bbox 306 1055 492 1112; x_wconf 79' lang='lat' dir='ltr'><strong>genera</strong></span> <span class='ocrx_word' id='word_1_77' title='bbox 525 1050 669 1105; x_wconf 87' lang='lat' dir='ltr'><strong>sunt,</strong></span> <span class='ocrx_word' id='word_1_78' title='bbox 709 1059 917 1110; x_wconf 85' lang='lat' dir='ltr'><strong>quorum</strong></span> <span class='ocrx_word' id='word_1_79' title='bbox 953 1047 1166 1095; x_wconf 86' lang='lat' dir='ltr'><strong>alterum</strong></span> <span class='ocrx_word' id='word_1_80' title='bbox 1199 1049 1421 1111; x_wconf 75' lang='lat' dir='ltr'><strong>pertinet</strong></span> <span class='ocrx_word' id='word_1_81' title='bbox 1457 1048 1518 1097; x_wconf 88' lang='lat' dir='ltr'><strong>ad</strong></span> <span class='ocrx_word' id='word_1_82' title='bbox 1555 1051 1718 1112; x_wconf 89' lang='lat' dir='ltr'><strong>quali-</strong></span> 
     </span>
     <span class='ocr_line' id='line_1_12' title="bbox 45 1114 1713 1185; baseline 0.001 -17"><span class='ocrx_word' id='word_1_83' title='bbox 45 1119 229 1180; x_wconf 82' lang='lat' dir='ltr'><strong>tatem,</strong></span> <span class='ocrx_word' id='word_1_84' title='bbox 278 1121 341 1168; x_wconf 86' lang='lat' dir='ltr'><strong>ad</strong></span> <span class='ocrx_word' id='word_1_85' title='bbox 388 1119 486 1167; x_wconf 90' lang='lat' dir='ltr'><strong>loci</strong></span> <span class='ocrx_word' id='word_1_86' title='bbox 534 1114 955 1181; x_wconf 60' lang='lat' dir='ltr'><strong>permutationem</strong></span> <span class='ocrx_word' id='word_1_87' title='bbox 1002 1117 1228 1167; x_wconf 86' lang='lat' dir='ltr'><strong>alterum.</strong></span> <span class='ocrx_word' id='word_1_88' title='bbox 1325 1119 1501 1169; x_wconf 86' lang='lat' dir='ltr'><strong>Veluti</strong></span> <span class='ocrx_word' id='word_1_89' title='bbox 1562 1137 1713 1185; x_wconf 87' lang='lat' dir='ltr'><strong>quum</strong></span> 
     </span>
     <span class='ocr_line' id='line_1_13' title="bbox 46 1188 1712 1255; baseline 0.002 -18"><span class='ocrx_word' id='word_1_90' title='bbox 46 1191 165 1255; x_wconf 84' lang='lat' dir='ltr'><strong>quid</strong></span> <span class='ocrx_word' id='word_1_91' title='bbox 200 1191 279 1239; x_wconf 81' lang='lat' dir='ltr'><strong>vel</strong></span> <span class='ocrx_word' id='word_1_92' title='bbox 319 1207 379 1239; x_wconf 86' lang='lat' dir='ltr'><strong>ex</strong></span> <span class='ocrx_word' id='word_1_93' title='bbox 417 1189 602 1238; x_wconf 72' lang='lat' dir='ltr'><strong>alioin</strong></span> <span class='ocrx_word' id='word_1_94' title='bbox 637 1188 784 1236; x_wconf 88' lang='lat' dir='ltr'><strong>alium</strong></span> <span class='ocrx_word' id='word_1_95' title='bbox 821 1188 988 1236; x_wconf 90' lang='lat' dir='ltr'><strong>locum</strong></span> <span class='ocrx_word' id='word_1_96' title='bbox 1036 1190 1404 1254; x_wconf 73' lang='lat' dir='ltr'><strong>transgreditur</strong></span> <span class='ocrx_word' id='word_1_97' title='bbox 1450 1191 1502 1240; x_wconf 85' lang='lat' dir='ltr'><strong>in</strong></span> <span class='ocrx_word' id='word_1_98' title='bbox 1549 1206 1712 1255; x_wconf 87' lang='lat' dir='ltr'><strong>eoque</strong></span> 
     </span>
     <span class='ocr_line' id='line_1_14' title="bbox 40 1258 1711 1328; baseline 0 -18"><span class='ocrx_word' id='word_1_99' title='bbox 40 1263 420 1328; x_wconf 79' lang='lat' dir='ltr'><strong>circumagitur,</strong></span> <span class='ocrx_word' id='word_1_100' title='bbox 456 1260 535 1308; x_wconf 76' lang='lat' dir='ltr'><strong>vel</strong></span> <span class='ocrx_word' id='word_1_101' title='bbox 571 1275 634 1308; x_wconf 85' lang='lat' dir='ltr'><strong>ex</strong></span> <span class='ocrx_word' id='word_1_102' title='bbox 671 1260 767 1307; x_wconf 85' lang='lat' dir='ltr'><strong>alio</strong></span> <span class='ocrx_word' id='word_1_103' title='bbox 804 1258 934 1308; x_wconf 89' lang='lat' dir='ltr'><strong>aliud</strong></span> <span class='ocrx_word' id='word_1_104' title='bbox 973 1261 1209 1323; x_wconf 58' lang='lat' dir='ltr'><strong>quiam,</strong></span> <span class='ocrx_word' id='word_1_105' title='bbox 1249 1277 1311 1310; x_wconf 79' lang='lat' dir='ltr'><strong>ex</strong></span> <span class='ocrx_word' id='word_1_106' title='bbox 1346 1262 1459 1310; x_wconf 88' lang='lat' dir='ltr'><strong>albo</strong></span> <span class='ocrx_word' id='word_1_107' title='bbox 1497 1262 1711 1327; x_wconf 86' lang='lat' dir='ltr'><strong>nigrum,</strong></span> 
     </span>
     <span class='ocr_line' id='line_1_15' title="bbox 41 1324 1709 1396; baseline 0.001 -15"><span class='ocrx_word' id='word_1_108' title='bbox 41 1324 103 1381; x_wconf 59' lang='lat' dir='ltr'><strong>ei(</strong></span> <span class='ocrx_word' id='word_1_109' title='bbox 152 1333 293 1382; x_wconf 88' lang='lat' dir='ltr'><strong>molli</strong></span> <span class='ocrx_word' id='word_1_110' title='bbox 342 1331 545 1390; x_wconf 87' lang='lat' dir='ltr'><strong>durum,</strong></span> <span class='ocrx_word' id='word_1_111' title='bbox 590 1336 644 1380; x_wconf 84' lang='lat' dir='ltr'><strong>et</strong></span> <span class='ocrx_word' id='word_1_112' title='bbox 678 1345 806 1395; x_wconf 85' lang='lat' dir='ltr'><strong>qnae</strong></span> <span class='ocrx_word' id='word_1_113' title='bbox 843 1335 958 1380; x_wconf 83' lang='lat' dir='ltr'><strong>sunt</strong></span> <span class='ocrx_word' id='word_1_114' title='bbox 992 1332 1044 1380; x_wconf 90' lang='lat' dir='ltr'><strong>id</strong></span> <span class='ocrx_word' id='word_1_115' title='bbox 1078 1347 1234 1396; x_wconf 86' lang='lat' dir='ltr'><strong>genus</strong></span> <span class='ocrx_word' id='word_1_116' title='bbox 1274 1333 1377 1380; x_wconf 85' lang='lat' dir='ltr'><strong>alia.</strong></span> <span class='ocrx_word' id='word_1_117' title='bbox 1452 1332 1553 1381; x_wconf 85' lang='lat' dir='ltr'><strong>lam</strong></span> <span class='ocrx_word' id='word_1_118' title='bbox 1589 1343 1709 1382; x_wconf 78' lang='lat' dir='ltr'><strong>vero</strong></span> 
     </span>
     <span class='ocr_line' id='line_1_16' title="bbox 35 1400 1777 1472; baseline 0 -18"><span class='ocrx_word' id='word_1_119' title='bbox 35 1419 247 1454; x_wconf 84' lang='lat' dir='ltr'><strong>necesse</strong></span> <span class='ocrx_word' id='word_1_120' title='bbox 296 1408 375 1453; x_wconf 83' lang='lat' dir='ltr'><strong>cst</strong></span> <span class='ocrx_word' id='word_1_121' title='bbox 408 1403 586 1452; x_wconf 66' lang='lat' dir='ltr'><strong>,omnia</strong></span> <span class='ocrx_word' id='word_1_122' title='bbox 633 1407 850 1466; x_wconf 88' lang='lat' dir='ltr'><strong>utroque</strong></span> <span class='ocrx_word' id='word_1_123' title='bbox 884 1403 1034 1451; x_wconf 87' lang='lat' dir='ltr'><strong>modo</strong></span> <span class='ocrx_word' id='word_1_124' title='bbox 1069 1404 1286 1452; x_wconf 77' lang='lat' dir='ltr'><strong>moveri:</strong></span> <span class='ocrx_word' id='word_1_125' title='bbox 1323 1404 1539 1469; x_wconf 89' lang='lat' dir='ltr'><strong>alioquin</strong></span> <span class='ocrx_word' id='word_1_126' title='bbox 1578 1405 1710 1472; x_wconf 75' lang='lat' dir='ltr'><strong>enini</strong></span> <span class='ocrx_word' id='word_1_127' title='bbox 1775 1400 1777 1402; x_wconf 34' lang='lat'><strong><em>¹</em></strong></span> 
     </span>
     <span class='ocr_line' id='line_1_17' title="bbox 36 1473 1709 1541; baseline -0.001 -16"><span class='ocrx_word' id='word_1_128' title='bbox 36 1475 211 1525; x_wconf 84' lang='lat' dir='ltr'><strong>eadem</strong></span> <span class='ocrx_word' id='word_1_129' title='bbox 247 1475 576 1525; x_wconf 81' lang='lat' dir='ltr'><strong>movebuntur</strong></span> <span class='ocrx_word' id='word_1_130' title='bbox 612 1473 758 1522; x_wconf 82' lang='lat' dir='ltr'><strong>simul</strong></span> <span class='ocrx_word' id='word_1_131' title='bbox 792 1479 943 1537; x_wconf 88' lang='lat' dir='ltr'><strong>atque</strong></span> <span class='ocrx_word' id='word_1_132' title='bbox 978 1488 1075 1522; x_wconf 90' lang='lat' dir='ltr'><strong>non</strong></span> <span class='ocrx_word' id='word_1_133' title='bbox 1112 1476 1453 1541; x_wconf 85' lang='lat' dir='ltr'><strong>movebuntur.</strong></span> <span class='ocrx_word' id='word_1_134' title='bbox 1525 1476 1709 1525; x_wconf 74' lang='lat' dir='ltr'><strong>Album</strong></span> 
     </span>
     <span class='ocr_line' id='line_1_18' title="bbox 35 1540 1775 1611; baseline -0.001 -16"><span class='ocrx_word' id='word_1_135' title='bbox 35 1548 190 1611; x_wconf 85' lang='lat' dir='ltr'><strong>igitur</strong></span> <span class='ocrx_word' id='word_1_136' title='bbox 238 1547 355 1596; x_wconf 81' lang='lat' dir='ltr'><strong>dum</strong></span> <span class='ocrx_word' id='word_1_137' title='bbox 401 1540 656 1605; x_wconf 86' lang='lat' dir='ltr'><strong>movetur,</strong></span> <span class='ocrx_word' id='word_1_138' title='bbox 695 1544 846 1595; x_wconf 85' lang='lat' dir='ltr'><strong>etiam</strong></span> <span class='ocrx_word' id='word_1_139' title='bbox 880 1551 1101 1593; x_wconf 87' lang='lat' dir='ltr'><strong>mutetur</strong></span> <span class='ocrx_word' id='word_1_140' title='bbox 1138 1550 1356 1596; x_wconf 50' lang='lat' dir='ltr'><strong>necesse*</strong></span> <span class='ocrx_word' id='word_1_141' title='bbox 1389 1552 1495 1607; x_wconf 75' lang='lat' dir='ltr'><strong>est3</strong></span> <span class='ocrx_word' id='word_1_142' title='bbox 1543 1552 1596 1597; x_wconf 91' lang='lat' dir='ltr'><strong>et</strong></span> <span class='ocrx_word' id='word_1_143' title='bbox 1635 1547 1706 1595; x_wconf 82' lang='lat' dir='ltr'><strong>vi·</strong></span> <span class='ocrx_word' id='word_1_144' title='bbox 1769 1557 1775 1561; x_wconf 39' lang='lat' dir='ltr'><em>s</em></span> 
     </span>
     <span class='ocr_line' id='line_1_19' title="bbox 35 1616 1706 1682; baseline 0 -16"><span class='ocrx_word' id='word_1_145' title='bbox 35 1634 122 1667; x_wconf 87' lang='lat' dir='ltr'><strong>sus</strong></span> <span class='ocrx_word' id='word_1_146' title='bbox 164 1617 279 1668; x_wconf 88' lang='lat' dir='ltr'><strong>dum</strong></span> <span class='ocrx_word' id='word_1_147' title='bbox 317 1622 574 1677; x_wconf 83' lang='lat' dir='ltr'><strong>movetur,</strong></span> <span class='ocrx_word' id='word_1_148' title='bbox 625 1616 775 1664; x_wconf 88' lang='lat' dir='ltr'><strong>etiam</strong></span> <span class='ocrx_word' id='word_1_149' title='bbox 816 1617 951 1664; x_wconf 82' lang='lat' dir='ltr'><strong>subit</strong></span> <span class='ocrx_word' id='word_1_150' title='bbox 986 1618 1336 1675; x_wconf 81' lang='lat' dir='ltr'><strong>mutationem3</strong></span> <span class='ocrx_word' id='word_1_151' title='bbox 1375 1617 1706 1682; x_wconf 84' lang='lat' dir='ltr'><strong>similiterque</strong></span> 
     </span>
     <span class='ocr_line' id='line_1_20' title="bbox 35 1686 1704 1752; baseline 0.001 -15"><span class='ocrx_word' id='word_1_152' title='bbox 35 1689 132 1737; x_wconf 85' lang='lat' dir='ltr'><strong>alia</strong></span> <span class='ocrx_word' id='word_1_153' title='bbox 179 1689 370 1738; x_wconf 73' lang='lat' dir='ltr'><strong>omniae</strong></span> <span class='ocrx_word' id='word_1_154' title='bbox 419 1688 543 1737; x_wconf 85' lang='lat' dir='ltr'><strong>nihil</strong></span> <span class='ocrx_word' id='word_1_155' title='bbox 591 1688 722 1736; x_wconf 85' lang='lat' dir='ltr'><strong>enim</strong></span> <span class='ocrx_word' id='word_1_156' title='bbox 771 1686 868 1734; x_wconf 90' lang='lat' dir='ltr'><strong>ulla</strong></span> <span class='ocrx_word' id='word_1_157' title='bbox 907 1688 1103 1736; x_wconf 87' lang='lat' dir='ltr'><strong>ratione</strong></span> <span class='ocrx_word' id='word_1_158' title='bbox 1152 1689 1352 1737; x_wconf 86' lang='lat' dir='ltr'><strong>sibimet</strong></span> <span class='ocrx_word' id='word_1_159' title='bbox 1396 1689 1495 1752; x_wconf 86' lang='lat' dir='ltr'><strong>ipsi</strong></span> <span class='ocrx_word' id='word_1_160' title='bbox 1542 1689 1704 1738; x_wconf 81' lang='lat' dir='ltr'><strong>simile</strong></span> 
     </span>
     <span class='ocr_line' id='line_1_21' title="bbox 35 1758 1703 1825; baseline 0.001 -18"><span class='ocrx_word' id='word_1_161' title='bbox 35 1760 116 1809; x_wconf 74' lang='lat' dir='ltr'><strong>vel</strong></span> <span class='ocrx_word' id='word_1_162' title='bbox 149 1777 244 1825; x_wconf 88' lang='lat' dir='ltr'><strong>per</strong></span> <span class='ocrx_word' id='word_1_163' title='bbox 290 1762 443 1808; x_wconf 89' lang='lat' dir='ltr'><strong>ictum</strong></span> <span class='ocrx_word' id='word_1_164' title='bbox 483 1758 726 1822; x_wconf 86' lang='lat' dir='ltr'><strong>temporis</strong></span> <span class='ocrx_word' id='word_1_165' title='bbox 774 1764 1053 1822; x_wconf 86' lang='lat' dir='ltr'><strong>permanet.</strong></span> <span class='ocrx_word' id='word_1_166' title='bbox 1125 1760 1203 1808; x_wconf 83' lang='lat' dir='ltr'><strong>Ex</strong></span> <span class='ocrx_word' id='word_1_167' title='bbox 1240 1775 1336 1824; x_wconf 87' lang='lat' dir='ltr'><strong>quo</strong></span> <span class='ocrx_word' id='word_1_168' title='bbox 1374 1760 1490 1824; x_wconf 86' lang='lat' dir='ltr'><strong>quid</strong></span> <span class='ocrx_word' id='word_1_169' title='bbox 1526 1776 1703 1809; x_wconf 78' lang='lat' dir='ltr'><strong>conse·</strong></span> 
     </span>
     <span class='ocr_line' id='line_1_22' title="bbox 35 1828 1704 1895; baseline 0.001 -17"><span class='ocrx_word' id='word_1_170' title='bbox 35 1837 244 1894; x_wconf 78' lang='lat' dir='ltr'><strong>quatur,</strong></span> <span class='ocrx_word' id='word_1_171' title='bbox 282 1835 463 1895; x_wconf 83' lang='lat' dir='ltr'><strong>sponte</strong></span> <span class='ocrx_word' id='word_1_172' title='bbox 498 1829 811 1892; x_wconf 81' lang='lat' dir='ltr'><strong>intelligitur.</strong></span> <span class='ocrx_word' id='word_1_173' title='bbox 886 1828 1029 1889; x_wconf 89' lang='lat' dir='ltr'><strong>Nam,</strong></span> <span class='ocrx_word' id='word_1_174' title='bbox 1067 1834 1123 1878; x_wconf 89' lang='lat' dir='ltr'><strong>ut</strong></span> <span class='ocrx_word' id='word_1_175' title='bbox 1157 1831 1256 1879; x_wconf 89' lang='lat' dir='ltr'><strong>hoc</strong></span> <span class='ocrx_word' id='word_1_176' title='bbox 1292 1835 1422 1891; x_wconf 87' lang='lat' dir='ltr'><strong>utar,</strong></span> <span class='ocrx_word' id='word_1_177' title='bbox 1457 1831 1581 1880; x_wconf 89' lang='lat' dir='ltr'><strong>nihil</strong></span> <span class='ocrx_word' id='word_1_178' title='bbox 1610 1847 1704 1880; x_wconf 87' lang='lat' dir='ltr'><strong>nec</strong></span> 
     </span>
     <span class='ocr_line' id='line_1_23' title="bbox 34 1899 1704 1963; baseline 0.002 -15"><span class='ocrx_word' id='word_1_179' title='bbox 34 1903 201 1950; x_wconf 83' lang='lat' dir='ltr'><strong>album</strong></span> <span class='ocrx_word' id='word_1_180' title='bbox 247 1917 364 1950; x_wconf 85' lang='lat' dir='ltr'><strong>esse</strong></span> <span class='ocrx_word' id='word_1_181' title='bbox 413 1906 498 1948; x_wconf 88' lang='lat' dir='ltr'><strong>aut</strong></span> <span class='ocrx_word' id='word_1_182' title='bbox 539 1900 696 1949; x_wconf 75' lang='lat' dir='ltr'><strong>videri</strong></span> <span class='ocrx_word' id='word_1_183' title='bbox 742 1899 840 1947; x_wconf 89' lang='lat' dir='ltr'><strong>dici</strong></span> <span class='ocrx_word' id='word_1_184' title='bbox 888 1905 1061 1963; x_wconf 87' lang='lat' dir='ltr'><strong>potest</strong></span> <span class='ocrx_word' id='word_1_185' title='bbox 1105 1916 1200 1951; x_wconf 90' lang='lat' dir='ltr'><strong>nec</strong></span> <span class='ocrx_word' id='word_1_186' title='bbox 1234 1916 1331 1950; x_wconf 90' lang='lat' dir='ltr'><strong>non</strong></span> <span class='ocrx_word' id='word_1_187' title='bbox 1367 1901 1561 1962; x_wconf 81' lang='lat' dir='ltr'><strong>album3</strong></span> <span class='ocrx_word' id='word_1_188' title='bbox 1609 1903 1704 1952; x_wconf 76' lang='lat' dir='ltr'><strong>sod</strong></span> 
     </span>
     <span class='ocr_line' id='line_1_24' title="bbox 33 1964 1702 2022; baseline 0 -1"><span class='ocrx_word' id='word_1_189' title='bbox 33 1973 200 2021; x_wconf 85' lang='lat' dir='ltr'><strong>album</strong></span> <span class='ocrx_word' id='word_1_190' title='bbox 239 1971 387 2021; x_wconf 82' lang='lat' dir='ltr'><strong>simul</strong></span> <span class='ocrx_word' id='word_1_191' title='bbox 425 1976 497 2019; x_wconf 90' lang='lat' dir='ltr'><strong>et·</strong></span> <span class='ocrx_word' id='word_1_192' title='bbox 527 1986 626 2020; x_wconf 91' lang='lat' dir='ltr'><strong>non</strong></span> <span class='ocrx_word' id='word_1_193' title='bbox 664 1964 825 2020; x_wconf 83' lang='lat' dir='ltr'><strong>album</strong></span> <span class='ocrx_word' id='word_1_194' title='bbox 862 1971 1019 2021; x_wconf 83' lang='lat' dir='ltr'><strong>videri</strong></span> <span class='ocrx_word' id='word_1_195' title='bbox 1055 1978 1107 2020; x_wconf 86' lang='lat' dir='ltr'><strong>et</strong></span> <span class='ocrx_word' id='word_1_196' title='bbox 1142 1988 1239 2022; x_wconf 91' lang='lat' dir='ltr'><strong>non</strong></span> <span class='ocrx_word' id='word_1_197' title='bbox 1274 1971 1435 2021; x_wconf 79' lang='lat' dir='ltr'><strong>videri</strong></span> <span class='ocrx_word' id='word_1_198' title='bbox 1470 1971 1568 2021; x_wconf 89' lang='lat' dir='ltr'><strong>dici</strong></span> <span class='ocrx_word' id='word_1_199' title='bbox 1605 1973 1702 2021; x_wconf 85' lang='lat' dir='ltr'><strong>de·-</strong></span> 
     </span>
     <span class='ocr_line' id='line_1_25' title="bbox 30 2042 1698 2109; baseline 0.001 -17"><span class='ocrx_word' id='word_1_200' title='bbox 30 2043 148 2092; x_wconf 73' lang='lat' dir='ltr'><strong>&#39;bett</strong></span> <span class='ocrx_word' id='word_1_201' title='bbox 186 2059 284 2108; x_wconf 81' lang='lat' dir='ltr'><strong>quo</strong></span> <span class='ocrx_word' id='word_1_202' title='bbox 320 2044 432 2108; x_wconf 88' lang='lat' dir='ltr'><strong>ipso</strong></span> <span class='ocrx_word' id='word_1_203' title='bbox 467 2057 702 2091; x_wconf 83' lang='lat' dir='ltr'><strong>sensuum</strong></span> <span class='ocrx_word' id='word_1_204' title='bbox 743 2042 900 2091; x_wconf 85' lang='lat' dir='ltr'><strong>omnis</strong></span> <span class='ocrx_word' id='word_1_205' title='bbox 936 2044 986 2091; x_wconf 86' lang='lat' dir='ltr'><strong>iu</strong></span> <span class='ocrx_word' id='word_1_206' title='bbox 1023 2043 1284 2092; x_wconf 84' lang='lat' dir='ltr'><strong>iudicando</strong></span> <span class='ocrx_word' id='word_1_207' title='bbox 1324 2044 1698 2109; x_wconf 78' lang='lat' dir='ltr'><strong>cognoscendo-</strong></span> 
     </span>
     <span class='ocr_line' id='line_1_26' title="bbox 33 2111 1613 2180; baseline 0.001 -16"><span class='ocrx_word' id='word_1_208' title='bbox 33 2131 132 2180; x_wconf 83' lang='lat' dir='ltr'><strong>que</strong></span> <span class='ocrx_word' id='word_1_209' title='bbox 171 2130 291 2164; x_wconf 82' lang='lat' dir='ltr'><strong>vero</strong></span> <span class='ocrx_word' id='word_1_210' title='bbox 330 2114 575 2164; x_wconf 85' lang='lat' dir='ltr'><strong>evertitur</strong></span> <span class='ocrx_word' id='word_1_211' title='bbox 608 2114 909 2174; x_wconf 79' lang='lat' dir='ltr'><strong>auctoritas;</strong></span> <span class='ocrx_word' id='word_1_212' title='bbox 946 2113 1001 2164; x_wconf 86' lang='lat' dir='ltr'><strong>P.</strong></span> <span class='ocrx_word' id='word_1_213' title='bbox 1041 2111 1250 2168; x_wconf 71' lang='grc' dir='ltr'><strong>1Ἳ9.’Β.</strong></span> <span class='ocrx_word' id='word_1_214' title='bbox 1292 2142 1358 2153; x_wconf 89' lang='grc'><strong>-</strong></span> <span class='ocrx_word' id='word_1_215' title='bbox 1399 2114 1514 2166; x_wconf 79' lang='grc'><strong>183.’</strong></span> <span class='ocrx_word' id='word_1_216' title='bbox 1554 2115 1613 2169; x_wconf 83' lang='lat' dir='ltr'><strong>C.</strong></span> 
     </span>
    </p>
   </div>
   <div class='ocr_carea' id='block_1_4' title="bbox 0 2254 1702 3457">
    <p class='ocr_par' dir='ltr' id='par_1_4' title="bbox 0 2254 1702 3457">
     <span class='ocr_line' id='line_1_27' title="bbox 170 2254 1700 2322; baseline 0.003 -20"><span class='ocrx_word' id='word_1_217' title='bbox 170 2254 264 2304; x_wconf 86' lang='lat' dir='ltr'><strong>His</strong></span> <span class='ocrx_word' id='word_1_218' title='bbox 314 2257 554 2322; x_wconf 81' lang='lat' dir='ltr'><strong>expositis</strong></span> <span class='ocrx_word' id='word_1_219' title='bbox 591 2257 1036 2308; x_wconf 78' lang='lat' dir='ltr'><strong>disserendivices</strong></span> <span class='ocrx_word' id='word_1_220' title='bbox 1083 2257 1143 2307; x_wconf 85' lang='lat' dir='ltr'><strong>ad</strong></span> <span class='ocrx_word' id='word_1_221' title='bbox 1181 2257 1516 2307; x_wconf 87' lang='lat' dir='ltr'><strong>Theaetetum</strong></span> <span class='ocrx_word' id='word_1_222' title='bbox 1552 2258 1700 2307; x_wconf 85' lang='lat' dir='ltr'><strong>rede-</strong></span> 
     </span>
     <span class='ocr_line' id='line_1_28' title="bbox 32 2328 1699 2395; baseline 0.005 -24"><span class='ocrx_word' id='word_1_223' title='bbox 32 2328 156 2385; x_wconf 86' lang='lat' dir='ltr'><strong>unt,</strong></span> <span class='ocrx_word' id='word_1_224' title='bbox 193 2329 591 2394; x_wconf 84' lang='lat' dir='ltr'><strong>quandoquidem</strong></span> <span class='ocrx_word' id='word_1_225' title='bbox 626 2329 927 2378; x_wconf 87' lang='lat' dir='ltr'><strong>Theodorus</strong></span> <span class='ocrx_word' id='word_1_226' title='bbox 966 2346 1116 2394; x_wconf 87' lang='lat' dir='ltr'><strong>supra</strong></span> <span class='ocrx_word' id='word_1_227' title='bbox 1151 2331 1558 2395; x_wconf 24' lang='lat' dir='ltr'><strong>‘praedixerat-se</strong></span> <span class='ocrx_word' id='word_1_228' title='bbox 1600 2346 1699 2379; x_wconf 89' lang='lat' dir='ltr'><strong>non</strong></span> 
     </span>
     <span class='ocr_line' id='line_1_29' title="bbox 37 2395 1696 2466; baseline 0.003 -23"><span class='ocrx_word' id='word_1_229' title='bbox 37 2395 231 2445; x_wconf 79' lang='lat' dir='ltr'><strong>diutius</strong></span> <span class='ocrx_word' id='word_1_230' title='bbox 266 2399 642 2448; x_wconf 87' lang='lat' dir='ltr'><strong>interlocutoris</strong></span> <span class='ocrx_word' id='word_1_231' title='bbox 680 2406 853 2465; x_wconf 87' lang='lat' dir='ltr'><strong>partes</strong></span> <span class='ocrx_word' id='word_1_232' title='bbox 894 2417 1008 2449; x_wconf 80' lang='lat' dir='ltr'><strong>esse</strong></span> <span class='ocrx_word' id='word_1_233' title='bbox 1043 2407 1284 2462; x_wconf 87' lang='lat' dir='ltr'><strong>acturum,</strong></span> <span class='ocrx_word' id='word_1_234' title='bbox 1323 2418 1467 2465; x_wconf 88' lang='lat' dir='ltr'><strong>quam</strong></span> <span class='ocrx_word' id='word_1_235' title='bbox 1490 2400 1539 2449; x_wconf 92' lang='lat' dir='ltr'><strong>id</strong></span> <span class='ocrx_word' id='word_1_236' title='bbox 1578 2417 1696 2466; x_wconf 83' lang='lat' dir='ltr'><strong>pro-</strong></span> 
     </span>
     <span class='ocr_line' id='line_1_30' title="bbox 33 2468 1699 2538; baseline 0.003 -24"><span class='ocrx_word' id='word_1_237' title='bbox 33 2468 231 2531; x_wconf 80' lang='lat' dir='ltr'><strong>positae</strong></span> <span class='ocrx_word' id='word_1_238' title='bbox 266 2485 444 2520; x_wconf 84' lang='lat' dir='ltr'><strong>causae</strong></span> <span class='ocrx_word' id='word_1_239' title='bbox 480 2471 779 2535; x_wconf 82' lang='lat' dir='ltr'><strong>disceptatio</strong></span> <span class='ocrx_word' id='word_1_240' title='bbox 824 2473 1119 2537; x_wconf 78' lang='lat' dir='ltr'><strong>postularet.</strong></span> <span class='ocrx_word' id='word_1_241' title='bbox 1191 2473 1366 2538; x_wconf 81' lang='lat' dir='ltr'><strong>Pergit</strong></span> <span class='ocrx_word' id='word_1_242' title='bbox 1401 2477 1565 2521; x_wconf 84' lang='lat' dir='ltr'><strong>tamen</strong></span> <span class='ocrx_word' id='word_1_243' title='bbox 1605 2473 1699 2520; x_wconf 82' lang='lat' dir='ltr'><strong>So-</strong></span> 
     </span>
     <span class='ocr_line' id='line_1_31' title="bbox 35 2540 1696 2608; baseline 0.003 -22"><span class='ocrx_word' id='word_1_244' title='bbox 35 2542 200 2587; x_wconf 80' lang='lat' dir='ltr'><strong>crates</strong></span> <span class='ocrx_word' id='word_1_245' title='bbox 245 2540 296 2589; x_wconf 89' lang='lat' dir='ltr'><strong>in</strong></span> <span class='ocrx_word' id='word_1_246' title='bbox 347 2542 665 2591; x_wconf 82' lang='lat' dir='ltr'><strong>examinanda</strong></span> <span class='ocrx_word' id='word_1_247' title='bbox 715 2548 767 2592; x_wconf 91' lang='lat' dir='ltr'><strong>et</strong></span> <span class='ocrx_word' id='word_1_248' title='bbox 808 2544 1087 2592; x_wconf 88' lang='lat' dir='ltr'><strong>refellenda</strong></span> <span class='ocrx_word' id='word_1_249' title='bbox 1133 2544 1439 2608; x_wconf 78' lang='lat' dir='ltr'><strong>Protagorae</strong></span> <span class='ocrx_word' id='word_1_250' title='bbox 1484 2544 1696 2602; x_wconf 89' lang='lat' dir='ltr'><strong>ratione,</strong></span> 
     </span>
     <span class='ocr_line' id='line_1_32' title="bbox 19 2613 1699 2680; baseline 0 -18"><span class='ocrx_word' id='word_1_251' title='bbox 19 2625 181 2672; x_wconf 77' lang='lat' dir='ltr'><strong>¹quam</strong></span> <span class='ocrx_word' id='word_1_252' title='bbox 229 2613 367 2661; x_wconf 84' lang='lat' dir='ltr'><strong>novis</strong></span> <span class='ocrx_word' id='word_1_253' title='bbox 414 2614 561 2662; x_wconf 81' lang='lat' dir='ltr'><strong>etiam</strong></span> <span class='ocrx_word' id='word_1_254' title='bbox 606 2618 912 2678; x_wconf 79' lang='lat' dir='ltr'><strong>argumentis</strong></span> <span class='ocrx_word' id='word_1_255' title='bbox 949 2616 1242 2680; x_wconf 81' lang='lat' dir='ltr'><strong>impugnare</strong></span> <span class='ocrx_word' id='word_1_256' title='bbox 1276 2620 1498 2664; x_wconf 86' lang='lat' dir='ltr'><strong>conatur.</strong></span> <span class='ocrx_word' id='word_1_257' title='bbox 1568 2615 1699 2663; x_wconf 84' lang='lat' dir='ltr'><strong>Ete-</strong></span> 
     </span>
     <span class='ocr_line' id='line_1_33' title="bbox 32 2681 1701 2752; baseline 0.003 -25"><span class='ocrx_word' id='word_1_258' title='bbox 32 2681 135 2728; x_wconf 86' lang='lat' dir='ltr'><strong>nim</strong></span> <span class='ocrx_word' id='word_1_259' title='bbox 171 2683 275 2731; x_wconf 78' lang='lat' dir='ltr'><strong>veri</strong></span> <span class='ocrx_word' id='word_1_260' title='bbox 310 2684 544 2733; x_wconf 88' lang='lat' dir='ltr'><strong>iudicium</strong></span> <span class='ocrx_word' id='word_1_261' title='bbox 582 2687 811 2735; x_wconf 85' lang='lat' dir='ltr'><strong>sensibus</strong></span> <span class='ocrx_word' id='word_1_262' title='bbox 853 2687 1038 2735; x_wconf 87' lang='lat' dir='ltr'><strong>nostris</strong></span> <span class='ocrx_word' id='word_1_263' title='bbox 1086 2702 1182 2752; x_wconf 84' lang='lat' dir='ltr'><strong>uon</strong></span> <span class='ocrx_word' id='word_1_264' title='bbox 1220 2702 1336 2736; x_wconf 84' lang='lat' dir='ltr'><strong>esse</strong></span> <span class='ocrx_word' id='word_1_265' title='bbox 1382 2686 1701 2735; x_wconf 86' lang='lat' dir='ltr'><strong>tribuendum</strong></span> 
     </span>
     <span class='ocr_line' id='line_1_34' title="bbox 35 2752 1701 2822; baseline 0.002 -25"><span class='ocrx_word' id='word_1_266' title='bbox 35 2752 200 2812; x_wconf 81' lang='lat' dir='ltr'><strong>n&#39;equc</strong></span> <span class='ocrx_word' id='word_1_267' title='bbox 235 2755 490 2802; x_wconf 84' lang='lat' dir='ltr'><strong>scientiam</strong></span> <span class='ocrx_word' id='word_1_268' title='bbox 528 2755 676 2804; x_wconf 89' lang='lat' dir='ltr'><strong>ullam</strong></span> <span class='ocrx_word' id='word_1_269' title='bbox 714 2758 774 2804; x_wconf 86' lang='lat' dir='ltr'><strong>ab</strong></span> <span class='ocrx_word' id='word_1_270' title='bbox 810 2758 870 2805; x_wconf 86' lang='lat' dir='ltr'><strong>iis</strong></span> <span class='ocrx_word' id='word_1_271' title='bbox 907 2757 1182 2822; x_wconf 81' lang='lat' dir='ltr'><strong>proficisci,</strong></span> <span class='ocrx_word' id='word_1_272' title='bbox 1219 2757 1271 2806; x_wconf 90' lang='lat' dir='ltr'><strong>id</strong></span> <span class='ocrx_word' id='word_1_273' title='bbox 1309 2758 1459 2808; x_wconf 83' lang='lat' dir='ltr'><strong>etiam</strong></span> <span class='ocrx_word' id='word_1_274' title='bbox 1496 2772 1557 2804; x_wconf 80' lang='lat' dir='ltr'><strong>ex</strong></span> <span class='ocrx_word' id='word_1_275' title='bbox 1591 2757 1701 2819; x_wconf 79' lang='lat' dir='ltr'><strong>ipsa</strong></span> 
     </span>
     <span class='ocr_line' id='line_1_35' title="bbox 39 2824 1698 2889; baseline 0.004 -21"><span class='ocrx_word' id='word_1_276' title='bbox 39 2836 212 2869; x_wconf 88' lang='lat' dir='ltr'><strong>eorum</strong></span> <span class='ocrx_word' id='word_1_277' title='bbox 247 2829 422 2881; x_wconf 85' lang='lat' dir='ltr'><strong>natura</strong></span> <span class='ocrx_word' id='word_1_278' title='bbox 459 2824 627 2888; x_wconf 86' lang='lat' dir='ltr'><strong>colligi</strong></span> <span class='ocrx_word' id='word_1_279' title='bbox 663 2832 815 2888; x_wconf 80' lang='lat' dir='ltr'><strong>posse</strong></span> <span class='ocrx_word' id='word_1_280' title='bbox 852 2834 1039 2876; x_wconf 85' lang='lat' dir='ltr'><strong>censet.</strong></span> <span class='ocrx_word' id='word_1_281' title='bbox 1112 2827 1256 2888; x_wconf 81' lang='lat' dir='ltr'><strong>Quod</strong></span> <span class='ocrx_word' id='word_1_282' title='bbox 1306 2829 1400 2875; x_wconf 89' lang='lat' dir='ltr'><strong>hac</strong></span> <span class='ocrx_word' id='word_1_283' title='bbox 1437 2841 1698 2889; x_wconf 86' lang='lat' dir='ltr'><strong>argumen-</strong></span> 
     </span>
     <span class='ocr_line' id='line_1_36' title="bbox 36 2892 1700 2961; baseline 0.003 -22"><span class='ocrx_word' id='word_1_284' title='bbox 36 2892 226 2941; x_wconf 77' lang='lat' dir='ltr'><strong>tatione</strong></span> <span class='ocrx_word' id='word_1_285' title='bbox 264 2893 594 2944; x_wconf 85' lang='lat' dir='ltr'><strong>demonstrat.</strong></span> <span class='ocrx_word' id='word_1_286' title='bbox 666 2895 942 2958; x_wconf 86' lang='lat' dir='ltr'><strong>Unicuique</strong></span> <span class='ocrx_word' id='word_1_287' title='bbox 977 2899 1172 2957; x_wconf 85' lang='lat' dir='ltr'><strong>sensui,</strong></span> <span class='ocrx_word' id='word_1_288' title='bbox 1223 2898 1409 2960; x_wconf 83' lang='lat' dir='ltr'><strong>inquit,</strong></span> <span class='ocrx_word' id='word_1_289' title='bbox 1461 2897 1700 2961; x_wconf 82' lang='lat' dir='ltr'><strong>propriae</strong></span> 
     </span>
     <span class='ocr_line' id='line_1_37' title="bbox 39 2965 1700 3032; baseline 0.003 -21"><span class='ocrx_word' id='word_1_290' title='bbox 39 2969 158 3032; x_wconf 87' lang='lat' dir='ltr'><strong>sunt</strong></span> <span class='ocrx_word' id='word_1_291' title='bbox 201 2979 321 3012; x_wconf 86' lang='lat' dir='ltr'><strong>suae</strong></span> <span class='ocrx_word' id='word_1_292' title='bbox 367 2965 753 3029; x_wconf 76' lang='lat' dir='ltr'><strong>perceptiones,</strong></span> <span class='ocrx_word' id='word_1_293' title='bbox 801 2968 955 3016; x_wconf 83' lang='lat' dir='ltr'><strong>veluti</strong></span> <span class='ocrx_word' id='word_1_294' title='bbox 1001 2968 1238 3032; x_wconf 83' lang='lat' dir='ltr'><strong>quaedam</strong></span> <span class='ocrx_word' id='word_1_295' title='bbox 1275 2968 1474 3016; x_wconf 88' lang='lat' dir='ltr'><strong>auribus</strong></span> <span class='ocrx_word' id='word_1_296' title='bbox 1508 2972 1700 3017; x_wconf 87' lang='lat' dir='ltr'><strong>tantum</strong></span> 
     </span>
     <span class='ocr_line' id='line_1_38' title="bbox 39 3035 1698 3099; baseline 0.004 -18"><span class='ocrx_word' id='word_1_297' title='bbox 39 3035 371 3099; x_wconf 78' lang='lat' dir='ltr'><strong>percipimus,</strong></span> <span class='ocrx_word' id='word_1_298' title='bbox 423 3036 517 3084; x_wconf 89' lang='lat' dir='ltr'><strong>alia</strong></span> <span class='ocrx_word' id='word_1_299' title='bbox 561 3037 785 3096; x_wconf 86' lang='lat' dir='ltr'><strong>naribus,</strong></span> <span class='ocrx_word' id='word_1_300' title='bbox 832 3038 927 3085; x_wconf 86' lang='lat' dir='ltr'><strong>alia</strong></span> <span class='ocrx_word' id='word_1_301' title='bbox 962 3038 1145 3098; x_wconf 88' lang='lat' dir='ltr'><strong>oculis,</strong></span> <span class='ocrx_word' id='word_1_302' title='bbox 1185 3038 1279 3087; x_wconf 87' lang='lat' dir='ltr'><strong>alia</strong></span> <span class='ocrx_word' id='word_1_303' title='bbox 1312 3038 1419 3087; x_wconf 86' lang='lat' dir='ltr'><strong>aliis</strong></span> <span class='ocrx_word' id='word_1_304' title='bbox 1450 3039 1698 3087; x_wconf 80' lang='lat' dir='ltr'><strong>sensibus,</strong></span> 
     </span>
     <span class='ocr_line' id='line_1_39' title="bbox 36 3105 1701 3175; baseline 0.002 -23"><span class='ocrx_word' id='word_1_305' title='bbox 36 3105 137 3153; x_wconf 84' lang='lat' dir='ltr'><strong>Iam</strong></span> <span class='ocrx_word' id='word_1_306' title='bbox 175 3121 295 3154; x_wconf 79' lang='lat' dir='ltr'><strong>vero</strong></span> <span class='ocrx_word' id='word_1_307' title='bbox 333 3107 634 3170; x_wconf 86' lang='lat' dir='ltr'><strong>singulorum</strong></span> <span class='ocrx_word' id='word_1_308' title='bbox 673 3118 904 3156; x_wconf 81' lang='lat' dir='ltr'><strong>sensuum</strong></span> <span class='ocrx_word' id='word_1_309' title='bbox 944 3110 1294 3173; x_wconf 79' lang='lat' dir='ltr'><strong>perceptiones</strong></span> <span class='ocrx_word' id='word_1_310' title='bbox 1341 3121 1701 3175; x_wconf 78' lang='lat' dir='ltr'><strong>saepenumero</strong></span> 
     </span>
     <span class='ocr_line' id='line_1_40' title="bbox 35 3177 1702 3244; baseline 0.004 -21"><span class='ocrx_word' id='word_1_311' title='bbox 35 3177 169 3225; x_wconf 88' lang='lat' dir='ltr'><strong>inter</strong></span> <span class='ocrx_word' id='word_1_312' title='bbox 212 3179 347 3242; x_wconf 88' lang='lat' dir='ltr'><strong>ipsas</strong></span> <span class='ocrx_word' id='word_1_313' title='bbox 394 3184 736 3242; x_wconf 76' lang='lat' dir='ltr'><strong>comparamus</strong></span> <span class='ocrx_word' id='word_1_314' title='bbox 785 3185 837 3227; x_wconf 90' lang='lat' dir='ltr'><strong>et</strong></span> <span class='ocrx_word' id='word_1_315' title='bbox 882 3180 1011 3244; x_wconf 73' lang='lat' dir='ltr'><strong>quod</strong></span> <span class='ocrx_word' id='word_1_316' title='bbox 1049 3180 1274 3243; x_wconf 86' lang='lat' dir='ltr'><strong>pluribus</strong></span> <span class='ocrx_word' id='word_1_317' title='bbox 1309 3196 1571 3230; x_wconf 87' lang='lat' dir='ltr'><strong>commune</strong></span> <span class='ocrx_word' id='word_1_318' title='bbox 1605 3185 1702 3242; x_wconf 88' lang='lat' dir='ltr'><strong>est,</strong></span> 
     </span>
     <span class='ocr_line' id='line_1_41' title="bbox 0 3247 1701 3314; baseline 0.003 -20"><span class='ocrx_word' id='word_1_319' title='bbox 0 3247 87 3303; x_wconf 78' lang='lat' dir='ltr'><strong>¹iu</strong></span> <span class='ocrx_word' id='word_1_320' title='bbox 135 3263 286 3296; x_wconf 91' lang='lat' dir='ltr'><strong>unum</strong></span> <span class='ocrx_word' id='word_1_321' title='bbox 334 3249 830 3314; x_wconf 78' lang='lat' dir='ltr'><strong>comprehendimus.&#39;</strong></span> <span class='ocrx_word' id='word_1_322' title='bbox 905 3250 1049 3312; x_wconf 72' lang='lat' dir='ltr'><strong>Quod</strong></span> <span class='ocrx_word' id='word_1_323' title='bbox 1093 3251 1204 3300; x_wconf 86' lang='lat' dir='ltr'><strong>fieri</strong></span> <span class='ocrx_word' id='word_1_324' title='bbox 1250 3268 1482 3302; x_wconf 87' lang='lat' dir='ltr'><strong>sensuum</strong></span> <span class='ocrx_word' id='word_1_325' title='bbox 1516 3255 1701 3302; x_wconf 86' lang='lat' dir='ltr'><strong>iustru-</strong></span> 
     </span>
     <span class='ocr_line' id='line_1_42' title="bbox 37 3319 1701 3388; baseline 0.004 -24"><span class='ocrx_word' id='word_1_326' title='bbox 37 3319 218 3367; x_wconf 82' lang='lat' dir='ltr'><strong>meutis</strong></span> <span class='ocrx_word' id='word_1_327' title='bbox 266 3321 400 3369; x_wconf 91' lang='lat' dir='ltr'><strong>nullo</strong></span> <span class='ocrx_word' id='word_1_328' title='bbox 447 3321 595 3369; x_wconf 87' lang='lat' dir='ltr'><strong>modo</strong></span> <span class='ocrx_word' id='word_1_329' title='bbox 644 3327 844 3386; x_wconf 74' lang='lat' dir='ltr'><strong>potest:</strong></span> <span class='ocrx_word' id='word_1_330' title='bbox 887 3323 1057 3385; x_wconf 84' lang='lat' dir='ltr'><strong>itaque</strong></span> <span class='ocrx_word' id='word_1_331' title='bbox 1100 3323 1427 3388; x_wconf 87' lang='lat' dir='ltr'><strong>relinquitur,</strong></span> <span class='ocrx_word' id='word_1_332' title='bbox 1473 3331 1530 3374; x_wconf 87' lang='lat' dir='ltr'><strong>ut</strong></span> <span class='ocrx_word' id='word_1_333' title='bbox 1562 3339 1701 3372; x_wconf 83' lang='lat' dir='ltr'><strong>men-</strong></span> 
     </span>
     <span class='ocr_line' id='line_1_43' title="bbox 37 3389 1702 3457; baseline 0.002 -19"><span class='ocrx_word' id='word_1_334' title='bbox 37 3395 142 3438; x_wconf 82' lang='lat' dir='ltr'><strong>tem</strong></span> <span class='ocrx_word' id='word_1_335' title='bbox 193 3389 243 3439; x_wconf 88' lang='lat' dir='ltr'><strong>id</strong></span> <span class='ocrx_word' id='word_1_336' title='bbox 295 3393 403 3441; x_wconf 84' lang='lat' dir='ltr'><strong>sine</strong></span> <span class='ocrx_word' id='word_1_337' title='bbox 452 3408 687 3442; x_wconf 83' lang='lat' dir='ltr'><strong>sensuum</strong></span> <span class='ocrx_word' id='word_1_338' title='bbox 738 3409 836 3457; x_wconf 82' lang='lat' dir='ltr'><strong>ope</strong></span> <span class='ocrx_word' id='word_1_339' title='bbox 884 3393 1052 3443; x_wconf 77' lang='lat' dir='ltr'><strong>facere</strong></span> <span class='ocrx_word' id='word_1_340' title='bbox 1107 3401 1401 3448; x_wconf 79' lang='lat' dir='ltr'><strong>statuamus,</strong></span> <span class='ocrx_word' id='word_1_341' title='bbox 1500 3396 1702 3446; x_wconf 76' lang='lat' dir='ltr'><strong>Etenim</strong></span> 
     </span>
    </p>
   </div>
  </div>
 </body>
</html>
