2028 3750
698 231 786 289 AD
834 236 1244 290 SOPHISTA‘M.
1631 239 1635 242 ’
1734 242 1800 292 11

134 381 219 431 ci·
273 382 461 442 omnia,
535 379 750 428 identica
810 383 1154 430 tantummodo
1226 381 1548 445 reliquerunt.
1635 383 1802 447 ‘Quod

132 453 297 516 ipsum
348 451 516 516 tetigit
550 451 696 499 Plato
743 453 793 498 in
832 452 1068 516 Sophista
1106 470 1154 516 p.
1193 452 1311 499 255).
1350 453 1407 500 Ε.
1446 469 1539 516 sqq
1592 458 1644 501 et
1680 455 1801 507 251.
1835 465 1838 467 ’

132 523 196 574 Δ.
231 539 336 587 sqq.
383 525 468 572 ubi
514 521 640 569 hauc
681 524 922 571 rationem
967 525 1289 586 conqueritur
1325 525 1384 570 ab
1423 525 1611 587 argutis
1649 525 1799 572 trica-v

130 608 242 642 rum
290 593 631 657 captatoribus
675 594 854 641 mirum
901 599 1136 656 quantum
1185 595 1429 658 usurpari,
1479 595 1612 650 conf,
1648 597 1801 653 etiam

129 661 412 716 I'armenid.
447 682 480 730 p
532 663 646 711 142.
684 665 729 713 A
786 663 903 712 161.
929 666 987 711 A.
1026 664 1238 713 Theaet.
1262 682 1309 728 p.
1338 665 1456 715 189.
1491 664 1799 730 Euthydem.

131 751 180 801 p.
217 734 337 783 284.
373 735 431 784 A.
487 735 679 784 Phileb.
730 750 778 800 p.
819 735 899 784 14.
941 734 997 783 G.
1046 750 1153 800 sqq.
1206 735 1290 787 15.
1338 735 1398 786 A.
1445 751 1551 799 sqq.
1634 737 1798 784 Exco-

129 805 287 854 luisse
319 821 441 854 vero
486 806 614 854 hanc
649 805 1020 868 Megaricorum
1059 806 1315 853 doctrinae
1353 811 1547 868 partem
1585 809 1800 857 maxime

130 875 434 941 Stilponem,
505 892 635 927 nunc
703 890 802 924 non
869 880 950 923 est
1012 891 1102 922 cur
1169 877 1446 924 accuratius
1515 878 1797 935 duceamus,

128 946 462 1011 Exposuimus
499 948 628 995 enim
666 945 729 994 de
764 946 843 994 his
877 946 1031 995 rebus
1075 947 1126 994 in
1162 946 1540 1011 Prolegomenis
1578 948 1639 996 ad
1676 948 1800 998 Par-·

127 1017 394 1067 menidem.

266 1088 434 1152 At‘que
488 1086 614 1136 haec
669 1085 868 1150 quidem
924 1087 968 1134 si
1030 1102 1151 1134 vere
1216 1087 1598 1151 explicavimus,
1649 1090 1799 1140 facile

127 1164 366 1223 appar-et,
424 1173 523 1221 quo
585 1158 782 1206 vinculo
829 1158 1142 1205 Theaetetus
1192 1154 1256 1206 et‘
1293 1155 1530 1222 Sopliista
1575 1160 1797 1210 Platonis

126 1230 261 1278 inter
306 1229 552 1278 seiuncti
599 1230 712 1277 sint.
788 1228 1110 1276 Nam'sicuti
1163 1229 1215 1276 in
1258 1228 1542 1278 Theaeteto
1589 1231 1800 1280 docetur-

126 1300 388 1349 veritatem
436 1315 600 1362 neque
634 1301 684 1347 iu
733 1301 850 1347 visis
902 1315 1062 1361 neque
1106 1301 1157 1348 in
1204 1301 1437 1362 opinione
1486 1317 1600 1349 esse
1647 1319 1798 1365 quae-.

125 1372 359 1431 rendam,
406 1372 475 1420 ita
511 1371 750 1436 Sophista
782 1385 855 1419 ‘eo
901 1372 1151 1433 pertinet,
1200 1376 1257 1418 ut
1296 1370 1396 1419 Ens
1451 1372 1573 1421 illud
1608 1372 1800 1422 Eleati-

126 1459 238 1491 cum
280 1447 334 1490 et
384 1442 524 1490 ideas
581 1442 788 1490 stabiles
835 1445 985 1504 atque
1040 1442 1269 1492 immotas
1318 1441 1691 1506 Megaricorum
1736 1444 1800 1492 ad

123 1513 458 1577 cognitionem
506 1513 728 1560 veritatis
795 1527 892 1559 non
943 1511 1182 1560 sufficere
1235 1512 1631 1562 demonstretur:
1697 1515 1804 1563 imo

124 1599 246 1632 vero
286 1583 622 1648 significatur,
661 1588 850 1631 motum
886 1598 1044 1645 aeque
1082 1598 1138 1630 ac
1177 1584 1398 1646 quietem
1434 1585 1482 1637 in
1517 1586 1645 1634 ideis
1683 1583 1810 1635 esse*

123 1658 379 1719 oportere,
415 1655 459 1703 si
496 1655 603 1716 quis
633 1654 750 1702 iude
785 1654 1006 1700 veritatis
1034 1659 1266 1701 aeternae
1300 1656 1556 1702 scientiam
1594 1656 1797 1707 haurire

123 1725 273 1783 velit3
320 1726 371 1773 in
409 1741 504 1788 qua
539 1725 647 1789 ipsa
684 1740 742 1773 re
797 1724 978 1787 dialogi
1025 1731 1366 1787 argumentum
1420 1727 1630 1774 maxime
1676 1743 1794 1776 con—

123 1797 275 1845 tineri
321 1796 674 1844 existimamus.
759 1795 958 1868 Quippe
1010 1794 1258 1843 dialectici
1315 1797 1419 1844 veri
1476 1803 1623 1860 atque
1672 1815 1796 1862 ger-

123 1867 255 1916 mani
290 1866 581 1931 philosophi
619 1882 733 1914 esse
770 1861 980 1926 dicitur,
1035 1868 1192 1914 varias
1230 1871 1282 1914 et
1317 1867 1618 1932 multiplices
1656 1870 1793 1918 idea-
1831 1869 1836 1873 ‘

66 1990 71 1993 ,
123 1954 235 1986 rum
277 1937 498 1986 rationes
544 1938 805 2001 explorare
855 1941 908 1984 et
954 1952 1191 1999 quaenam
1243 1938 1308 1984 sit
1358 1953 1525 1986 earum
1569 1941 1792 1988 necessi-

121 2009 243 2057 tudo
296 2013 446 2072 atque
495 2009 775 2056 coniunctio
831 2008 1098 2070 indagare:
1167 2008 1297 2072 quod
1356 2010 1554 2071 quidem
1614 2026 1791 2060 munus

121 2079 318 2128 Platoni
391 2083 531 2127 tanto
602 2080 757 2126 maius
832 2083 1069 2142 tantoque
1145 2078 1557 2128 honorificentius
1630 2083 1790 2137 visum

123 2155 233 2211 est,
300 2149 432 2212 quod
488 2150 625 2198 ideas
690 2152 959 2197 suas'non
1019 2150 1152 2197 solas
1218 2151 1400 2198 mentis
1458 2153 1788 2214 cogitationes

122 2237 238 2270 esse
290 2220 474 2278 voluit,
530 2220 619 2269 sed
677 2221 843 2284 potius
898 2232 1079 2286 reapse
1138 2225 1310 2268 extare
1367 2222 1634 2271 arbitratus
1686 2229 1784 2284 est,

122 2293 194 2340 ita
246 2295 304 2340 ut
360 2306 747 2340 veram-rerum
808 2293 1023 2339 omnium
1071 2287 1264 2341 οὐσίαν
1313 2306 1510 2344 omnem
1562 2295 1788 2342 contine-

120 2367 267 2420 rent3
332 2361 395 2410 de
457 2378 553 2426 qua
620 2362 912 2425 philosophi
984 2363 1230 2411 sententia
1283 2378 1464 2426 nuper
1533 2365 1787 2428 copiosius

122 2433 456 2498 exposuimus
486 2435 535 2480 in
573 2433 950 2497 Prolegomenis
999 2434 1058 2482 ad
1097 2432 1438 2482 Ρᾶιηιεηίᾱοηι
1482 2453 1530 2499 p.
1568 2436 1636 2482 79
1675 2452 1787 2499 sqq

120 2503 227 2551 269
272 2519 377 2567 sqq
427 2504 559 2552 conf.
609 2505 761 2551 etiam
810 2503 871 2551 G.
920 2505 979 2553 Ε.
1030 2504 1304 2552 Schulze
1354 2504 1492 2568 Disp
1542 2505 1617 2554 De
1662 2506 1787 2555 ideis

120 2574 407 2622 Platonicis.
471 2574 692 2623 Vitemb.
737 2574 884 2623 1786.
922 2576 971 2623 4.
1045 2575 1347 2624 Herbart.
1394 2575 1663 2624 Lelnbuch
1699 2594 1789 2625 zur

121 2645 412 2708 Einleituug
446 2646 499 2693 in
535 2646 617 2693 die
653 2644 995 2709 Philosophie.
1024 2646 1099 2694 ed.
1130 2648 1174 2694 3
1219 2647 1369 2697 1834
1410 2663 1521 2710 pag.
1547 2648 1648 2696 207
1677 2663 1785 2709 sqq.

120 2714 467 2763 Bonitzius
516 2714 871 2766 Commentatt.
917 2716 1208 2764 Platonicae
1255 2716 1334 2765 111
1373 2733 1422 2781 p
1454 2718 1492 2765 7
1543 2733 1649 2791 sqq.
1705 2719 1789 2780 qui

121 2785 172 2834 in
209 2786 415 2833 eandem
453 2787 747 2833 sententiam
788 2786 1175 2847 disputaverunt.

261 2854 449 2905 Verum
486 2855 613 2902 haec
651 2857 749 2903 etsi
786 2857 851 2903 ita
890 2873 1002 2904 sese
1038 2858 1252 2904 habere
1250 2859 1434 2919 utique
1473 2857 1787 2919 exploratum

121 2925 392 2985 habemus,
439 2932 607 2973 tamen
654 2941 956 2989 magnopere
1000 2926 1232 2985 falletur,
1282 2930 1323 2974 si
1374 2929 1481 2989 quis
1521 2929 1789 2990 existimet,

11 3023 13 3025 ·
62 3037 66 3041 .
121 3012 406 3046 sermonem
451 2998 501 3045 in
547 2998 645 3045 hoc
682 2996 810 3043 libro
859 2996 1032 3044 eodem
1088 2999 1235 3045 modo
1274 2998 1447 3045 haberi
1482 3003 1632 3061 atque
1670 3015 1787 3048 con-,2

120 3069 327 3128 tinuari,
387 3083 484 3130 quo
543 3068 800 3115 institutus
863 3074 940 3115 est
996 3070 1048 3115 iu
1094 3068 1392 3118 'l'hcactetm
1475 3068 1577 3116 lmo
1626 3071 1790 3119 omnia

122 3154 312 3203 prope,
364 3139 407 3184 si
443 3154 471 3185 a
507 3139 761 3203 personis,
813 3153 938 3200 quae
985 3139 1231 3201 colloquio
1270 3140 1547 3200 intersunt,
1597 3141 1806 3189 disces-.-

122 3211 275 3270 ser-is,
312 3210 394 3257 hic
430 3210 685 3256 immutata
720 3215 868 3267 sunt,
904 3214 961 3257 ut
995 3209 1138 3271 plane
1175 3225 1321 3266 nova,
1360 3211 1582 3269 insolita,
1619 3210 1788 3276 inspe-

121 3285 230 3327 rata
276 3280 432 3328 videri
478 3281 707 3328 debeant.
781 3279 906 3327 Nam
957 3280 1219 3340 Socrates,
1269 3279 1412 3329 adest
1448 3282 1786 3345 illcvquidenu

123 3353 214 3398 sed
249 3366 345 3399 nou
381 3355 438 3398 ut
473 3356 752 3399 ceterorum
779 3350 1089 3399 familiarium
1119 3353 1374 3414 magister,
1414 3354 1496 3415 qui
1534 3355 1598 3400 de
1635 3354 1787 3401 rebus

124 3422 425 3485 gravissimis
472 3424 623 3471 verba
660 3421 838 3483 saciat,
889 3421 978 3471 sed
1028 3423 1320 3488 plerumque
1372 3428 1603 3488 tauquam
1649 3424 1786 3474 audi-
