2028 3750
715 230 804 282 AD
842 228 1249 282 soPfflSTAM.
1548 303 1550 305 Ι
1751 234 1820 286 15

146 387 327 423 nomen
372 386 626 439 ponamus.
704 370 865 421 Huius
917 371 1254 439 θηρευτικῆς
1300 389 1474 423 rursus
1523 376 1650 424 duae
1698 380 1817 426 sunt

147 446 345 510 species
373 450 544 509 ‘atque
600 442 809 491 formae.
893 442 1073 493 Potest
1123 447 1250 493 enim
1305 447 1502 494 venatio
1562 462 1676 494 esse
1733 462 1817 495 re·-

145 531 258 565 rum
310 514 392 564 vel
447 515 768 563 animatarum
829 514 910 562 vel
966 515 1353 566 inanimatarum.
1450 516 1529 565 Ad
1597 517 1819 581 priorem

148 587 262 650 quia
287 586 537 650 piscatura
561 585 832 633 hamularia
856 586 1093 648 pertinet,
1132 603 1240 649 age,
1277 603 1451 636 rursus
1482 589 1588 636 eius
1627 588 1818 637 discer-

146 672 318 709 namus
366 661 551 721 partes.
636 655 763 703 Sunt
821 656 977 719 igitur
1026 654 1378 725 ζωοθηρικης
1425 659 1623 721 species
1670 658 1818 721 duae,

69 767 71 769 .
145 728 304 776 altera
339 727 592 791 pedestris
628 727 856 790 generis,
907 727 1056 775 variis
1104 733 1157 776 ct
1202 729 1559 793 multiplicibus
1605 731 1817 780 nomini-

145 798 240 847 bus
285 798 518 862 insignis,
568 790 941 862 πεζοθηρικη,
996 797 1154 846 altera
1198 801 1472 848 natantium
1519 800 1819 862 animalium,

143 861 571 937 ἐνυγροθηρικη.
654 867 838 915 Natant
883 870 1050 915 autem
1097 869 1323 916 animalia
1365 871 1441 918 vei
1493 887 1586 934 per
1632 872 1819 934 aerem,

145 954 298 1004 quum
342 939 535 999 volant,
566 938 660 986 vel
709 953 803 1017 per
850 942 1051 999 aquam}
1114 938 1246 986 unde
1293 940 1452 989 oritur
1504 938 1820 1011 ὀυνιθοθη-

145 1002 364 1079 pavum}
401 1013 455 1057 et
489 1001 782 1068 ananum.
854 1007 1156 1069 Aquatilium
1194 1025 1347 1073 porro
1392 1013 1589 1060 venatio
1638 1029 1818 1063 rursus

147 1085 226 1130 est
272 1078 471 1143 duplex.
553 1077 638 1125 Fit
683 1078 812 1126 enim
862 1078 940 1125 vel
984 1078 1274 1128 retinaculis
1330 1081 1410 1128 vel
1471 1083 1819 1146 percussione,

143 1151 361 1214 ideoque
398 1154 478 1199 est
513 1141 856 1214 ἑρκοθ·ηρική
894 1153 947 1195 et
983 1147 1265 1213 π))]κτικη.
1337 1150 1599 1200 Posterior
1641 1169 1818 1204 rursus

145 1221 374 1272 bifariam
414 1218 670 1270 dividenda
707 1224 800 1267 est.
857 1218 1050 1280 Quodsi
1086 1221 1214 1268 enim
1253 1227 1403 1270 noctu
1439 1223 1501 1270 ad
1535 1225 1703 1287 ignem
1741 1224 1819 1287 fit,

145 1309 438 1361 πυρευτικη
498 1290 795 1355 appellanda
849 1289 1072 1338 videtur.
1135 1292 1210 1340 sin
1270 1298 1534 1341 exercetur
1581 1295 1819 1357 interdiu,

148 1379 297 1428 quum
333 1361 560 1411 fuscinae
595 1362 645 1409 in
683 1361 922 1409 extremis
961 1362 1186 1425 paltibus
1224 1362 1440 1413 habeant
1477 1381 1657 1426 uncos,
1706 1370 1818 1416 tota

143 1439 350 1482 vocatur
384 1426 815 1498 ἀγκιστρευτικη.
886 1430 1074 1480 Verum
1123 1433 1248 1480 haec
1295 1435 1403 1498 ipsa
1451 1451 1651 1498 quoque
1694 1436 1818 1496 duas

143 1506 299 1554 habet
336 1509 519 1569 partes.
592 1503 757 1563 Quum
793 1501 923 1549 enim
962 1503 1042 1557 de,
1076 1505 1419 1567 superioribus
1469 1508 1530 1553 ad
1577 1507 1820 1557 inferiora

147 1590 245 1640 ope
281 1575 573 1625 tridentium
607 1573 693 1630 fit,
743 1570 1060 1637 τριοὸοντία
1098 1574 1305 1655 ‹ii-citum
1358 1592 1504 1638 quum
1554 1583 1719 1626 autem
1756 1594 1818 1628 ex

147 1650 292 1730 parte
328 1645 576 1694 contraria
611 1658 808 1691 sursum
843 1644 989 1691 hamo
1027 1646 1236 1693 maxime
1264 1648 1537 1710 peragitur,
1576 1655 1655 1696 est
1690 1650 1818 1707 haee

146 1718 257 1782 ipsa
290 1715 403 1776 iila,
446 1731 590 1779 quam
628 1715 938 1777 quaerimuS,
987 1710 1401 1779 &osted-aevum,
1450 1719 1558 1767 sire
1595 1720 1818 1784 pisca-

147 1792 298 1837 tura
346 1785 718 1835 hamularia.

282 1857 361 1906 En
410 1858 565 1921 igitur
609 1857 880 1906 invenimus
929 1857 1060 1922 quod
1107 1858 1393 1908 volebamus
1442 1860 1520 1922 (P.
1562 1860 1681 1911 211.
1718 1859 1821 1931 (3.),

144 1944 307 1994 neque
343 1928 488 1980 aliter
523 1929 667 1977 nobis
701 1929 994 1976 versandum
1033 1930 1130 1978 erit
1165 1931 1213 1977 in
1249 1932 1524 1995 indagando
1562 1932 1817 1996 Sophista.

145 2000 242 2050 Est
276 2002 408 2049 enim
458 1999 544 2048 ille
586 2013 783 2063 quoque
835 2015 1020 2063 auceps
1070 2000 1263 2064 quidam
1300 2018 1356 2049 ac
1365 1968 1618 2063 evenator,
1665 2020 1819 2068 quan-

143 2086 289 2134 quam
323 2085 424 2119 non
458 2071 624 2134 pisces
661 2071 810 2134 capit,
849 2072 941 2120 sed
976 2072 1144 2134 potius
1185 2073 1376 2134 divitias
1408 2074 1638 2123 iuvenum
1668 2091 1819 2125 aucu-

141 2147 304 2207 patur.
373 2140 618 2190 Nimirum
655 2140 895 2190 differunt
929 2142 1076 2191 ambo
1112 2143 1324 2190 maxime
1362 2159 1447 2203 eo,
1488 2145 1619 2208 qnod
1656 2147 1821 2210 pisca-

141 2217 228 2261 tor
261 2210 324 2260 ad
358 2227 494 2260 mare
532 2217 585 2260 et
628 2211 829 2260 flumina
865 2218 1111 2272 versatul,
1148 2229 1275 2276 quae
1322 2215 1374 2262 in
1420 2215 1500 2263 his
1547 2223 1662 2266 sunt
1709 2218 1814 2278 ani-

142 2283 289 2331 malia
342 2288 643 2343 venaturus,
718 2282 957 2347 Sophista
1016 2290 1179 2332 autem
1238 2289 1400 2333 terras
1456 2286 1665 2348 lustrat,
1715 2289 1820 2346 aiia

141 2353 376 2402 videlicet
410 2359 608 2402 sectans
644 2353 860 2414 flumina,
898 2354 1006 2401 anri
1040 2342 1350 2418 argentique,
1390 2360 1443 2403 et
1478 2359 1633 2421 pratis
1674 2360 1813 2422 quasi

140 2424 406 2485 incubans,
455 2440 582 2488 quae
627 2422 811 2472 divitiis
857 2429 911 2473 et
957 2425 1212 2474 iuventute
1249 2427 1518 2478 abundant.

285 2494 444 2561 Igitur
490 2495 862 2545 consideremus
910 2497 1222 2560 pedestrium
1271 2498 1549 2546 animalium
1596 2485 1819 2550 venatio.-

142 2579 284 2628 nem,
334 2582 479 2630 quam
529 2565 770 2629 Sophista
816 2571 1032 2615 exercet.
1104 2566 1230 2615 Sunt
1278 2574 1443 2617 autem
1481 2568 1820 2637 πεζοῦηρίας

142 2636 271 2685 duae
317 2638 527 2685 maxime
569 2641 767 2700 partes,
821 2637 979 2684 altera
1024 2637 1271 2697 cicurum,
1320 2641 1591 2702 aglestium
1642 2641 1817 2692 altera

143 2706 296 2754 Cicur
334 2706 512 2755 animal
548 2706 799 2754 hominem
839 2722 954 2754 esse
997 2706 1183 2769 liquet,
1233 2709 1295 2756 ad
1345 2725 1491 2772 quem
1546 2715 1651 2758 tota
1698 2727 1815 2774 per·

143 2767 273 2824 tinet
317 2770 724 2844 ημεροθηιηκή.
817 2775 921 2825 Sed
978 2776 1125 2825 huius
1182 2794 1357 2827 rursus
1417 2780 1602 2842 duplex
1652 2781 1817 2831 fwma

148 2851 245 2895 est
320 2846 424 2894 Aut
459 2846 591 2893 enim
638 2847 686 2894 vi
723 2847 981 2909 peragitur
1017 2852 1166 2910 atque
1215 2855 1321 2895 tum
1369 2845 1573 2897 iocatur
1619 2847 1816 2932 dibea-

142 2909 462 2978 ποδιστική,
516 2919 604 2963 aut
651 2916 709 2963 fit
746 2916 1118 2979 persuadendo,
1165 2926 1342 2980 estque
1383 2917 1815 2989 πιθανουργικη.

141 2986 220 3036 Ad
254 2986 383 3035 hanc
421 2987 649 3049 quoniam
686 2983 957 3047 Sophistae
1005 3003 1085 3034 ais
1124 2988 1394 3036 manifesto
1441 2992 1689 3054 pertinet,
1738 2993 1815 3042 di·

143 3058 355 3107 videnda
395 3073 454 3105 ea
488 3057 632 3106 nobis
669 3058 955 3104 necessario
993 3062 1074 3104 est
1111 3057 1354 3106 bissimiam.
1427 3058 1525 3108 Fit
1549 3063 1680 3112 enim
1731 3081 1814 3115 πι-

141 3122 496 3194 θανουργικη
545 3126 625 3175 vel
669 3126 898 3191 privatim
945 3126 1027 3178 vel
1077 3128 1289 3190 publice.
1361 3128 1596 3181 Privatim
1647 3134 1690 3182 si
1737 3135 1814 3195 fit,

141 3193 565 3262 ὶδιοθηρευτικη
642 3201 814 3262 potest
885 3196 1157 3261 appellari,
1255 3200 1394 3255 cuins
1465 3202 1624 3264 ipsius
1691 3206 1815 3255 item

141 3267 381 3332 distingui
423 3272 638 3332 possunt
679 3267 879 3348 species
932 3268 1091 3326 duac,
1151 3268 1306 3317 altera
1351 3270 1811 3339 μισθαρνευτική,

141 3338 299 3388 altera
334 3332 715 3421 ὃωοοφυρική,
771 3337 1164 3400 quandoquidem
1206 3341 1354 3389 etiam
1389 3358 1595 3391 munera
1633 3345 1811 3393 dantur

140 3409 235 3471 iis,
295 3410 378 3473 qui
426 3410 648 3459 uenando
703 3410 1021 3474 capiuntur,
1061 3409 1210 3458 sicuti
1266 3411 1327 3460 ab
1376 3415 1651 3464 amantibus
1700 3416 1810 3464 fieri
