2028 3750
199 239 271 294 42
788 237 1311 318 PROLEGQMENA

199 385 367 450 ipsum
404 383 696 432 consentiat.
762 381 944 444 ,Itaque
990 379 1071 430 his
1121 382 1340 446 quinque
1389 383 1658 448 generibus
1707 386 1885 451 explo-

199 455 369 505 randis
422 454 732 513 ostenditur,
782 467 1020 516 quaenam
1070 453 1139 501 sit
1187 455 1316 502 ratio
1354 456 1715 504 coniunctionis
1750 458 1888 506 idea-

200 543 315 576 rum
351 525 584 574 omnium.
657 524 770 585 Quo
805 524 920 571 loco
944 525 1217 572 tenendum
1244 530 1326 572 est
1367 525 1751 588 diligentissime
1787 543 1885 577 non

203 597 415 646 fortuito
465 596 535 644 ita
581 595 721 655 fieri,
773 599 830 643 ut
875 593 1005 644 haec
1047 595 1367 659 potissimum
1413 613 1600 661 genera
1660 597 1720 645 ad
1778 614 1888 648 rem

203 669 518 734 propositam
554 665 898 715 illustrandam
922 665 1269 728 adhibeantur,
1307 683 1584 732 quanquam
1621 669 1674 718 id
1711 669 1888 718 callido

204 739 418 803 quodam
454 737 668 786 artificio
721 738 782 786 ab
830 738 943 801 ipso
992 736 1206 786 Platone
1255 738 1609 789 dissimulatur.
1683 739 1889 789 Censuit

203 810 338 860 enim
385 809 721 875 philosophus
770 807 863 856 has
913 809 1233 873 potissimum
1277 809 1416 859 ideas
1461 811 1514 860 in
1561 811 1695 859 omni
1732 811 1888 860 diale-

202 882 332 930 ctica
379 896 496 930 esse
539 879 690 944 longe
738 880 1086 944 gravissimasz
1147 881 1280 929 unde
1326 895 1411 930 eas
1460 883 1512 930 in
1561 881 1771 946 dialogis
1806 883 1891 944 iis,

204 952 290 1017 qui
327 951 388 1001 ad
425 952 682 1002 scientiam
735 955 996 1015 artemque
1035 951 1348 1003 dialecticam
1394 954 1608 1002 maxime
1651 953 1887 1003 referun-

200 1029 313 1086 tur,
355 1024 540 1072 iterum
586 1024 871 1086 iterumque
921 1024 1354 1083 commemoravit,
1413 1025 1568 1072 veluti
1616 1024 1885 1076 Theaetet.

200 1111 253 1162 p.
295 1094 415 1143 185.
451 1095 510 1144 A.
549 1093 829 1142 Parmenid.
868 1110 922 1158 p.
961 1094 1079 1142 136.
1121 1093 1234 1142 AB.
1307 1093 1484 1158 Neque
1533 1097 1586 1144 id
1619 1096 1885 1147 immerito.

201 1166 330 1217 Nam
367 1166 527 1216 omnis
564 1167 824 1214 notionum
862 1165 1147 1214 coniunctio
1179 1164 1417 1229 profecto
1453 1167 1631 1215 nititur
1666 1183 1744 1228 eo,
1782 1167 1888 1232 pri-

202 1253 340 1288 mum
385 1244 442 1286 ut
487 1237 646 1298 sint;
692 1235 876 1285 deinde
930 1241 987 1285 ut
1033 1241 1242 1285 naturae
1291 1252 1412 1285 suae
1469 1238 1686 1287 habeant
1742 1253 1886 1288 con-

204 1309 535 1369 stantiam,
573 1323 700 1372 quae
736 1307 982 1375 quietis
1018 1307 1258 1356 vocabulo
1297 1309 1619 1372 designatum
1672 1314 1779 1358 tum
1828 1314 1886 1358 ut

201 1380 423 1430 habeant
456 1379 888 1439 relationem,
925 1394 1052 1443 quae
1087 1383 1169 1427 est
1202 1379 1479 1431 mutatio
1517 1381 1621 1430 sive
1655 1387 1887 1441 motus3

201 1452 419 1515 denique
467 1455 525 1499 ut
568 1456 623 1499 et
656 1450 792 1499 inter
840 1465 899 1499 se
949 1455 1122 1498 mutuo
1172 1449 1566 1514 discrepent
1616 1467 1674 1500 ac
1711 1467 1887 1502 rursus

203 1539 374 1573 secum
419 1523 544 1587 ipsis
593 1522 1012 1581 conveniant,
1059 1521 1110 1569 in
1157 1535 1256 1583 quo
1305 1522 1527 1570 cernitur
1563 1521 1885 1572 differen-

203 1595 298 1650 tia
334 1599 387 1643 et
421 1594 767 1643 identitas.
841 1591 913 1641 Ita
958 1592 1114 1656 igitur
1149 1592 1286 1640 facili
1321 1594 1528 1657 negotio
1566 1594 1887 1660 perspicitur,

202 1665 475 1720 curPlato
512 1665 604 1714 lias
640 1664 958 1729 potissimum
993 1663 1132 1712 ideas
1172 1664 1446 1728 delegerit,
1488 1664 1665 1729 quibus
1701 1665 1886 1715 riman-

203 1737 281 1787 dis
330 1741 481 1801 atque
527 1734 872 1801 comparandis
917 1735 1142 1783 idearum
1187 1750 1364 1784 nexum
1415 1739 1468 1788 et
1515 1736 1888 1787 cohaerentiam

201 1803 498 1863 illustraret.
605 1808 675 1857 At
727 1822 879 1866 vero,
935 1807 1130 1871 inquis,
1193 1806 1314 1870 quid
1365 1805 1465 1855 hoc
1527 1808 1729 1857 tandem
1790 1813 1886 1870 est,

203 1881 340 1946 quod
374 1882 542 1944 ipsum
575 1879 727 1940 illud,
766 1876 898 1943 quod
935 1893 1081 1927 esse
1119 1877 1330 1938 dicitur,
1368 1878 1504 1931 inter
1539 1895 1730 1944 genera
1766 1893 1886 1929 mo,

202 1958 339 2013 tus,
389 1951 666 2016 quietis,
721 1950 1156 2005 differentiae
1195 1953 1248 1998 et
1282 1948 1662 2000 identitatis
1700 1951 1887 2016 posuit,

203 2040 355 2089 quum
390 2028 560 2073 tamen
595 2022 723 2074 haec
759 2037 928 2074 rerum
969 2019 1258 2087 praedicata
1292 2019 1592 2084 significent,
1626 2021 1752 2070 illud
1787 2037 1888 2071 non

201 2095 365 2149 item?
436 2093 743 2143 Confuditne
778 2094 933 2157 igitur
968 2091 1299 2158 philosophus
1325 2093 1459 2140 inter
1482 2107 1541 2140 se
1577 2107 1706 2155 quae
1736 2092 1887 2157 longe

202 2172 321 2216 sunt
358 2159 724 2214 dissimillima?
771 2164 848 2215 Ad
876 2180 1003 2227 quae
1023 2164 1264 2213 habemns
1291 2178 1410 2211 sane
1437 2177 1563 2226 quae
1584 2178 1683 2213 non
1705 2162 1887 2213 iniuria

205 2238 522 2303 respondere
565 2237 731 2285 liceat.
810 2236 1010 2301 Quippe
1056 2250 1157 2282 non
1202 2235 1300 2282 iam
1347 2233 1431 2281 hic
1477 2249 1644 2282 sermo
1693 2240 1773 2283 est
1822 2234 1887 2284 de

208 2309 404 2360 infinita
449 2308 535 2356 illa
583 2308 910 2368 essentia,
963 2321 1089 2373 quae
1137 2320 1318 2370 expers
1366 2310 1445 2353 est
1481 2306 1640 2353 omnis
1676 2304 1886 2368 formae,

207 2380 415 2430 rationis
460 2385 512 2427 ct
559 2378 890 2438 condicionis;
949 2378 1143 2442 qualem
1191 2375 1467 2424 informare
1520 2381 1728 2426 conatus
1777 2382 1888 2426 erat

207 2449 563 2509 Parmenides3
612 2450 707 2498 sed
755 2450 919 2514 agitur
968 2449 1030 2496 de
1077 2448 1296 2496 essentia
1342 2447 1509 2507 finita,
1566 2462 1693 2511 quae
1737 2449 1887 2498 sicuti

209 2536 472 2571 commune
509 2525 588 2570 est
621 2536 790 2569 rerum
817 2520 1031 2568 omnium
1055 2519 1413 2585 praedicatum,
1448 2519 1519 2567 ita
1555 2524 1610 2567 et
1645 2519 1753 2584 ipsa
1792 2535 1886 2584 pro

210 2594 448 2657 qualitate
486 2592 645 2655 aliqua
667 2591 895 2640 habenda
919 2595 1029 2651 est3
1068 2591 1387 2654 quamobrem
1417 2605 1523 2638 eam
1551 2589 1885 2655 philosophus

207 2665 258 2714 in
295 2664 594 2713 Parmenide
641 2664 841 2712 nomine
884 2661 986 2711 τοῦ
1036 2656 1158 2720 ἑνὸς
1196 2655 1357 2719 ὄντος
1392 2661 1754 2723 insigniendam
1789 2679 1884 2726 pus·

206 2737 361 2797 tavit,
398 2735 462 2784 de
499 2751 596 2799 qno
632 2751 675 2782 v.
714 2750 842 2798 quae
879 2733 1114 2798 Prolegg.
1151 2749 1204 2797 p.
1241 2733 1311 2780 96
1348 2747 1419 2794 sq.
1460 2733 1565 2780 106
1601 2747 1708 2795 sqq.
1769 2732 1885 2782 Hoc

207 2809 366 2873 igitur
413 2807 457 2855 si
504 2813 760 2867 tenemus,
809 2805 1070 2853 Platonem
1123 2819 1220 2852 non
1269 2805 1505 2852 continuo
1562 2805 1750 2852 erroris
1798 2811 1884 2853 aut

208 2879 510 2928 temeritatis
554 2878 961 2926 insimulabimus.
1045 2876 1115 2924 Et
1173 2876 1426 2923 essentiae
1480 2874 1677 2937 quidem
1727 2892 1885 2940 genus

208 2950 542 3015 philosophus
581 2954 755 2998 censet
791 2965 903 2998 cum
941 2947 1143 3010 reIanis
1171 2947 1438 3011 generibus
1469 2947 1696 2995 omnibus
1732 2962 1884 3012 posse

209 3021 490 3069 conciliari:
526 3021 716 3069 habent
753 3021 882 3068 enim
921 3019 1084 3067 omnia
1108 3022 1256 3081 atque
1282 3018 1474 3081 singula
1510 3017 1622 3077 hoc,
1663 3022 1716 3065 ut
1752 3019 1885 3066 sint

210 3096 360 3154 atque
409 3108 556 3141 esse
606 3093 894 3157 possint,
943 3090 1075 3153 quod
1123 3104 1221 3137 non
1269 3089 1340 3136 ita
1386 3094 1550 3146 esset,
1601 3089 1643 3136 si
1679 3103 1738 3137 ea
1774 3104 1884 3137 es·

211 3177 324 3209 sen
342 3162 400 3210 di
464 3163 814 3222 facultate,
870 3161 1044 3210 licebit
1093 3161 1224 3208 enim
1270 3160 1478 3208 barbare
1529 3159 1666 3221 loqui
1711 3160 1761 3207 in
1808 3175 1883 3218 re,

211 3248 358 3294 quarn
407 3232 570 3281 Latini
617 3250 712 3282 non
765 3237 978 3299 possunt
1023 3232 1153 3296 aptis
1199 3231 1452 3279 vocabulis
1500 3230 1787 3294 designare,
1837 3231 1882 3279 si

211 3303 366 3367 igitur
416 3306 687 3353 essendi
734 3304 1061 3352 facultate
1106 3307 1357 3352 carerent.
1430 3302 1594 3363 Quum
1628 3315 1747 3348 vero
1775 3299 1881 3365 'ap-

214 3377 388 3439 pareat
426 3379 612 3422 motum
641 3380 695 3422 et
732 3380 914 3423 statum
952 3375 1085 3422 inter
1121 3388 1179 3422 se
1216 3373 1478 3438 oppositos
1514 3376 1565 3420 et
1602 3373 1881 3420 contrarios

217 3460 359 3506 esse,
408 3448 513 3493 tum
562 3445 685 3496 illud
732 3460 930 3510 quoque
976 3445 1125 3495 facile
1170 3444 1267 3495 iam
1315 3443 1636 3508 intelligitur,
1689 3442 1881 3507 singula
