2028 3750
670 199 757 250 AD
800 194 1206 254 SOPlllsTAM.
1703 195 1774 249 17

104 358 221 392 num
257 340 545 407 Sophistam
582 342 731 391 etiam
768 341 917 390 aliter
955 340 1243 389 describere
1264 339 1530 406 pessimum
1602 334 1771 390 Habet

104 420 270 463 autem
308 408 636 478 άγωνιστική
674 428 831 476 genus
859 411 1059 476 duplex,
1095 405 1449 477 ἁμιλλητικόν
1473 415 1527 458 et
1550 427 1769 477 μαχητιδ

106 479 219 535 κόν.
293 479 552 532 Posterius
603 485 823 532 cernitur
868 482 949 530 vel
998 483 1044 529 in
1094 483 1323 546 corporis
1370 483 1418 530 vi
1454 481 1535 528 vel
1570 482 1621 531 in
1659 488 1770 528 ora-

104 557 292 603 tionum
338 555 610 602 certamine
659 560 711 602 et
761 553 1114 602 controversia.
1185 553 1411 601 Alterum
1458 551 1586 613 hoc,
1637 548 1773 616 quod

104 618 518 693 ἀμφισβητικόν
566 637 827 684 vocemus,
875 628 961 671 aut
1004 624 1051 670 in
1089 624 1251 687 longis
1290 619 1595 671 orationibus
1631 618 1771 687 posi⁴

105 698 210 745 tum
257 701 360 756 est,
413 702 540 758 quae
585 695 821 742 adversus
871 695 1141 741 contrarias
1192 695 1440 742 orationes
1499 687 1563 741 de
1615 694 1770 742 rebus

104 761 249 815 iustis
289 772 340 814 et
376 766 570 815 iniustis
609 766 806 830 publice
842 761 1116 823 habentur,
1161 760 1375 827 ideoque
1412 767 1491 812 est
1512 762 1771 825 judiciale,

105 829 407 895 δικανικόν,
442 843 527 885 aut
560 836 694 885 inter
729 833 953 883 homines
991 836 1208 896 privatos
1230 836 1392 883 locum
1411 834 1585 895 habet,
1622 851 1776 899 quum

105 909 153 956 in
196 913 453 970 utramque
491 914 684 971 partem
721 905 999 964 disseritur,
1038 911 1214 967 estque
1250 898 1613 969 (ἓντιλογικόν.
1660 904 1771 953 Hu-

103 979 183 1027 ius
218 975 376 1040 ipsius
414 983 579 1025 autem
618 982 790 1040 partes
829 980 944 1023 sunt
979 973 1132 1034 duae,
1171 988 1375 1038 quarum
1424 971 1608 1035 altera,
1659 976 1773 1039 quia

105 1049 212 1098 sine
249 1047 423 1096 ordine
459 1052 514 1095 et
551 1048 656 1095 sine
693 1052 801 1094 arte
836 1046 925 1105 fit,
971 1047 1170 1094 nomine
1209 1050 1370 1103 caret}
1422 1046 1608 1104 altera,
1645 1058 1773 1110 quae

106 1135 167 1167 ex
202 1118 323 1167 artis
358 1118 545 1182 regulis
582 1116 646 1166 de
679 1117 829 1164 rebus
865 1113 1011 1164 iustis
1047 1122 1099 1163 et
1134 1113 1330 1165 iniustis
1367 1115 1634 1180 disceptat,
1671 1119 1772 1180 ὲρι·

106 1182 296 1239 στικόν
330 1188 588 1252 appellare
625 1187 987 1245 consuevimus,
1022 1186 1120 1233 hoc
1160 1191 1239 1234 est
1275 1191 1431 1234 artem
1469 1182 1772 1251 disputandi.

106 1259 206 1307 Iam
262 1275 381 1307 vero
427 1252 492 1308 τὸ
543 1252 817 1323 ἐριστικόν
860 1271 1033 1306 rursus
1081 1262 1166 1305 aut
1223 1255 1478 1320 nugatoria
1533 1270 1613 1305 ars
1675 1261 1775 1320 est,

107 1344 233 1393 quae
269 1344 375 1378 rem
412 1327 706 1378 familiarem
744 1327 955 1392 negligit
990 1342 1046 1375 ac
1084 1328 1391 1392 pessumdat,
1427 1332 1512 1376 aut
1550 1325 1774 1391 disputa-

104 1402 252 1461 toria,
292 1415 417 1464 quae
454 1415 514 1448 ex
549 1401 755 1465 privatis
793 1398 1105 1447 sermonibus
1144 1403 1401 1463 quaestum
1421 1397 1556 1447 facit.
1626 1397 1776 1448 Hunc

106 1485 226 1519 vero
283 1471 399 1520 dum
452 1471 737 1535 attigimus,
792 1485 913 1518 ecce
971 1483 1145 1518 rursus
1201 1470 1413 1533 emergit
1472 1468 1774 1520 admirabilis

106 1541 234 1604 iste,
273 1557 419 1606 quem
455 1542 763 1605 quaerimus,
801 1539 1057 1606 Sophista.
1097 1538 1180 1608 (Ρ.
1213 1540 1332 1588 226.
1367 1538 1475 1603 A.).

246 1676 406 1733 Vides
440 1677 608 1745 igitur,
645 1681 716 1729 ita
750 1676 834 1729 hic
869 1675 1056 1746 hospes
1078 1675 1286 1730 Eleates
1324 1677 1385 1728 ad
1421 1675 1786 1743 Theaetetum'iJ

107 1750 280 1813 videS,
327 1754 503 1801 animal
551 1753 717 1812 istud,
772 1751 900 1815 quod
948 1763 1211 1812 venamur,
1267 1752 1531 1800 admodum
1590 1755 1777 1803 varium

109 1836 225 1872 esse
272 1839 328 1871 ac
375 1823 588 1883 mobile,
644 1826 700 1871 ut
747 1837 845 1870 non
893 1823 1057 1887 possit
1103 1820 1342 1889 alterutra
1392 1827 1584 1870 tantum
1631 1835 1778 1871 manu

110 1893 484 1959 comprehendi.
553 1893 692 1956 Ergo
729 1897 938 1956 utraque
970 1897 1191 1958 oportet.
1262 1892 1626 1957 Persequamur
1656 1905 1779 1942 vero

107 1962 228 2013 illud
267 1966 360 2013 alia
395 1965 486 2012 via.
559 1958 724 2011 Multa
761 1970 876 2012 sunt
911 1965 1135 2024 nomina,
1173 1975 1298 2026 quae
1333 1962 1516 2012 servile
1551 1958 1779 2013 ministe-

109 2037 234 2084 rium
275 2032 470 2098 aliquod
497 2033 774 2098 designant,
812 2034 963 2083 veluti
990 2048 1138 2098 quum
1163 2029 1369 2083 dicimus
1403 2034 1780 2100 percolere,

110 2107 510 2165 excribrare,
567 2120 871 2166 vannare,
948 2106 1343 2167 carminare,
1418 2105 1780 2167 deducere,

109 2182 413 2242 pectere,
461 2180 515 2224 et
561 2190 687 2239 quae
735 2183 851 2224 sunt
896 2173 946 2223 id
984 2190 1140 2239 genus
1177 2175 1284 2225 alia.
1357 2176 1496 2238 Quae
1530 2190 1652 2225 vero
1687 2190 1782 2226 nos

110 2248 630 2309 commemoravimus,
679 2262 739 2295 ea
788 2247 959 2295 omnia,
996 2248 1252 2311 pertinent
1287 2245 1347 2293 ad
1388 2252 1546 2294 artem
1585 2245 1782 2315 διαιρε-

109 2312 282 2380 τικήν,
320 2318 424 2366 sive
461 2313 794 2371 discernendi.
866 2317 997 2365 Hinc
1031 2319 1184 2382 igitur
1210 2316 1540 2369 exordiamur.
1578 2315 1781 2366 Discer-

110 2389 261 2438 nendi
297 2389 419 2441 artis
457 2389 577 2438 duas
615 2390 811 2454 species
835 2402 1043 2437 cernere
1066 2388 1207 2439 licet.
1274 2385 1612 2438 Discernimus
1649 2388 1782 2437 enim'

112 2464 166 2508 et
203 2460 346 2524 peius
385 2474 413 2507 a
441 2459 653 2508 meliore
701 2463 754 2508 et
791 2457 954 2507 simile
991 2474 1019 2508 a
1056 2458 1224 2510 simili.
1292 2458 1415 2507 Illud
1465 2469 1614 2523 quum
1657 2455 1782 2507 facia

111 2545 249 2591 mus,
284 2531 426 2594 peius
463 2526 733 2590 abiicimus,
773 2526 950 2579 melius
986 2545 1270 2589 servamus,
1299 2530 1618 2594 quamobrem
1653 2529 1784 2578 hanc

112 2601 464 2651 discretionem
502 2605 644 2664 patet
670 2616 782 2649 esse
805 2601 1149 2665 purgationem
1173 2601 1275 2648 sive
1302 2599 1530 2669 καθἀρμ
1541 2594 1603 2649 όν
1629 2609 1782 2664 quen-

113 2670 244 2720 dam.
315 2667 416 2719 lam
451 2682 570 2718 vero
608 2666 915 2735 purgationis
954 2671 1136 2736 duplex
1174 2676 1252 2719 est
1273 2669 1418 2719 ratio.
1491 2667 1616 2718 Sunt
1652 2671 1782 2718 enim

113 2743 325 2806 primum
363 2755 629 2804 corporum
666 2743 1015 2804 purgationes,
1064 2752 1250 2804 eaeque
1286 2736 1616 2805 multiplices:
1666 2751 1782 2804 par*

114 2812 206 2859 tim
251 2810 381 2858 enim
432 2814 546 2858 sunt
566 2799 898 2872 *animalium,
959 2827 1104 2875 quum
1164 2811 1243 2859 vel
1292 2810 1466 2859 sordes
1514 2811 1783 2858 interiores

114 2881 454 2945 gymnasticae
502 2882 555 2928 et
605 2881 827 2928 medicae
875 2883 995 2929 artis
1041 2895 1136 2946 ope
1174 2882 1464 2944 abiguntur,
1513 2881 1592 2928 vel
1640 2886 1784 2929 exte⁴

114 2953 276 3000 riores
313 2950 599 2999 balnearum
635 2962 728 2998 usu
765 2946 1051 3009 abluuntur3
1104 2947 1284 3015 partim
1325 2955 1439 2999 sunt
1475 2966 1642 2999 rerum
1679 2952 1784 2998 ina*-

116 3023 429 3080 nimatarnm,
468 3034 670 3083 quarum
710 3035 878 3070 curam
914 3020 1102 3069 habent
1130 3020 1347 3068 fullones
1384 3021 1563 3084 aliique
1599 3021 1648 3069 id
1690 3037 1780 3085 ge·-

115 3107 208 3141 nus
246 3089 490 3140 homines·
564 3090 834 3139 Praeterea
882 3089 1032 3140 etiam
1078 3092 1349 3139 animorum
1387 3092 1623 3154 quaedam
1659 3108 1785 3157 pur-

117 3163 253 3228 gatio
292 3168 386 3218 est,
424 3175 548 3224 quae
584 3162 764 3210 malum
801 3177 861 3210 ex
894 3163 956 3209 iis
980 3161 1135 3222 elicit,
1167 3162 1346 3209 bonum
1370 3162 1610 3226 reliquum
1649 3162 1786 3212 facit.

118 3233 248 3282 Sunt
291 3239 456 3281 autem
496 3232 623 3280 duae
661 3233 809 3280 animi
849 3233 1106 3297 pravitatis
1143 3233 1366 3296 specieS,
1418 3249 1514 3282 una
1549 3246 1675 3295 quae
1713 3234 1788 3281 si·-

119 3304 220 3352 cuti
269 3305 469 3352 morbus
524 3303 575 3350 in
621 3307 861 3367 co'rpore,
911 3303 1069 3350 altera
1121 3317 1246 3365 quae
1295 3303 1442 3352 sicuti
1493 3303 1785 3355 deformitas

119 3373 169 3426 in
207 3389 268 3422 eo
307 3374 519 3427 exsistit.
593 3372 718 3421 Nam
756 3374 916 3421 morbi
952 3374 1107 3423 instar
1140 3374 1192 3422 in
1227 3374 1389 3422 animo
1435 3380 1518 3424 cst
1558 3374 1787 3437 volupta-

190 3469 301 3519 Piat.
335 3470 444 3524 opp.
478 3454 583 3510 vois
604 3468 715 3509 vin.
748 3464 865 3510 sect.
896 3467 928 3509 Ι.
1353 3459 1386 3506 2
