2028 3750
774 137 1209 219 somns'rA.

281 306 485 364 ΘΕΑΙ.
563 311 729 380 Πῶςς

1721 170 1827 222 163

277 386 390 450 ΞΕ.
477 393 542 449 Οἱ
580 396 681 465 μὲν
719 398 794 458 εἰς
833 394 938 464 γῆν
979 391 1032 459 ἐξ
1057 390 1300 466 οὐρανοῦ
1326 395 1418 448 καὶ
1443 393 1542 449 τοῦ
1566 390 1818 467 ἀοροῖτου

152 467 338 528 πάντα
382 476 625 544 ἕλκουσι,
665 487 787 540 ταῖς
815 479 1001 548 χερσὶν
1035 475 1280 546 ἀτεχνῶς
1319 481 1518 547 πέτρας
1557 481 1648 533 καὶ
1689 479 1822 575 δρῦς

152 547 660 628 περιλαμβάνοντες.
701 563 812 614 τῶν
854 557 960 629 ὶὰρ
1006 555 1268 614 τοιούτων
1288 558 1657 636 ἐφαπτόμενοι
1678 557 1821 615 πάν·
1875 598 1879 600 -

151 657 261 692 των
327 643 745 715 ὃιισχυρίζονται
810 645 976 698 τοῦτο
1044 639 1182 697 εἶναι
1243 640 1447 712 μόνον,
1512 640 1542 698 ὃ
1597 647 1817 714 παρέχει

150 721 465 794 προςβολὴν
515 728 608 780 καὶ
658 723 878 799 ἐπαφήν
935 745 1091 791 τινα,
1133 723 1340 780 ταύτὸν
1378 728 1532 796 σῶμα
1572 727 1664 780 καὶ
1708 725 1815 783 οὐ-

148 809 275 860 σίαν
329 804 683 913 ὁριζόμενοι,
717 810 828 863 τῶν
885 810 941 863 δὲ
993 804 1174 862 ἄλλων
1227 809 1276 863 εἴ
1332 812 1412 873 ’τίς
1468 813 1522 863 τί
1561 820 1695 882 φησι
1736 831 1814 881 μη

149 888 306 958 σῶμα
359 894 483 961 ἕχον
537 888 702 956 εἶναι,
760 893 1239 1003 καταφρονοῦντες
1294 888 1358 946 τὸ
1411 889 1681 966 παράπαν
1721 895 1816 948 καὶ

147 967 308 1030 οὐδὲν
349 977 635 1036 ἐθέλοντες
674 969 812 1028 ἄλλο
855 971 1095 1030 ἀκούειν.

275 1056 477 1111 ΘΕΑΙ.
543 1049 636 1111 'H
669 1052 876 1120 δεινοὺς
916 1056 1132 1125 εἴρηκας
1168 1049 1399 1128 ἄνδρας·
1442 1052 1548 1125 ἤδη
1587 1054 1695 1133 γὰρ
1719 1059 1812 1116 καὶ

145 1133 247 1209 ἐγὼ
288 1139 502 1195 τούτων
543 1151 759 1211 συχνοῖς
795 1144 1125 1211 περιέτυχον.

270 1217 384 1283 ΞΕ.
473 1224 830 1294 Τοιγαροῦν
826 1226 878 1277 οὶ
916 1221 1054 1295 πρὸς
1105 1218 1306 1287 αὐτοὺς
1345 1220 1813 1296 αμφιςβητοῦντες

126 1300 297 1378 ’μάλα
337 1304 579 1376 εὐλαβῶς
616 1302 843 1360 ἄνωθεν
883 1306 939 1372 ἐξ
976 1303 1228 1376 ἀορατου
1269 1309 1455 1361 ποθὲν
1487 1305 1812 1383 αμύνονται,

144 1385 321 1456 νοητὰ
373 1386 516 1444 ἄττα
571 1391 664 1444 καὶ
715 1387 984 1459 ἀσώματα
1027 1390 1140 1454 εἴδη
1181 1387 1495 1487 βιαζόμενοι
1534 1388 1636 1458 τὴν
1674 1391 1813 1460 ἀλη-

143 1469 320 1541 θινὴν
373 1470 567 1530 οὐσίαν
606 1471 777 1529 εἶναι·

833 1469 905 1526 τὰ
945 1474 1002 1527 δὲ
1042 1475 1255 1528 ἐκείνων
1295 1469 1523 1544 σώματα
1563 1476 1657 1531 καὶ
1696 1472 1801 1544 τὴν

257 1692 476 1745 otxroi’e
512 1688 847 1747 περιέτυχον]
890 1688 1557 1734 Bo‹11.Vat.Ven.H.Euseb
1587 1695 1796 1750 προςέτυ.

137 1762 229 1804 χον.
286 1752 446 1793 Verum
474 1749 515 1791 id
551 1749 719 1790 redolet
754 1750 1183 1802 interpretamentum.
1224 1748 1409 1802 Hesych.
1459 1754 1792 1805 περιέτυχον·

142 1809 375 1862 συνέτυχοι.
406 1806 514 1849 conf.
541 1806 764 1850 Heindorf.
791 1820 832 1861 p.
865 1809 961 1847 381.

104 1987 108 1990 ,
142 1946 261 1998 stici3
303 1945 454 1989 deinde
491 1944 613 1997 illos,
653 1945 726 1998 qui
760 1942 800 1986 in
839 1945 933 1986 nnis

140 2005 246 2049 ideis
269 2003 518 2045 statuebant
536 2014 681 2044 rerum
709 2002 933 2043 veritatem

141 2058 357 2104 contineri.
445 2060 512 2101 De
573 2059 762 2111 utrisque
822 2057 933 2100 enim

143 2115 341 2171 deinceps
372 2117 609 2170 exponitur.
665 2116 763 2156 Hos
804 2115 934 2167 igitur

141 2175 291 2218 leniter
319 2174 455 2227 carpit
487 2180 690 2225 tanquam
738 2172 933 2225 pinguius

141 2243 236 2273 rem
263 2235 504 2278 tractantes.

196 2288 250 2329 P.
280 2290 376 2330 246.
439 2286 505 2328 Οἱ
541 2288 630 2337 μὲν
659 2285 731 2332 εἰς
758 2288 850 2337 γῆν
883 2285 932 2330 ἐξ

140 2343 373 2396 οὐρανοῦ·
400 2342 488 2396 -]
518 2342 708 2392 Eosdem
740 2342 930 2383 homines

139 2401 280 2442 facete
311 2400 530 2454 descripsit
562 2398 834 2452 philosophus
863 2403 929 2438 et-

139 2458 221 2499 iam
251 2457 428 2498 Theaet.
459 2471 501 2510 p.
540 2459 634 2496 155.
662 2457 699 2497 Ε
731 2468 820 2508 sqq.
856 2454 929 2495 ubi

139 2515 244 2556 item
275 2512 482 2554 acerrimo
520 2514 606 2553 sale
633 2511 926 2565 persi-icantur.

140 2571 322 2612 Praeter
349 2569 625 2610 Ato'mistieos
651 2569 831 2610 maxime
863 2574 928 2609 et-

140 2627 226 2668 iam
287 2625 341 2666 de
390 2626 606 2677 Aristippo
653 2624 926 2677 cogitandum

142 2695 240 2724 esse
275 2682 398 2723 facile
441 2680 694 2721 assentimur
722 2681 926 2721 Selilei*

141 2738 460 2781 ermacliero
508 2736 709 2777 Prooem.
753 2736 806 2777 ad
842 2735 927 2776 So-

138 2795 264 2849 phist.
302 2807 342 2847 p.
375 2797 468 2835 135.
500 2797 542 2833 et
571 2791 750 2833 Tlieaet.
768 2803 811 2844 p.
833 2796 924 2831 183.

140 2851 195 2894 de
244 2848 322 2892 hac
366 2863 414 2892 re
453 2849 698 2901 disputanti.
739 2870 793 2879 —
862 2849 927 2889 De

137 2906 381 2959 ἀτεχνῶς
429 2910 625 2958 πέτρας
671 2903 756 2943 καὶ
802 2905 929 2957 δρῦς

136 2977 172 3005 π
183 2978 201 3004 ε
214 2979 237 3018 ρ
249 2975 264 3003 ι
278 2965 314 3004 λ
364 2961 592 3004 tenendum
607 2989 620 3011 ‚
673 2959 928 3004 vocabulum

137 3019 317 3071 ἀτεχνῶς
362 3020 402 3063 in
444 3018 565 3060 dictis
614 3018 925 3070 communibus,

136 3075 395 3133 proverbiis
449 3079 494 3116 et
542 3074 925 3127 comparationibus

87 3154 95 3161 ·
137 3132 416 3185 frequentari3
458 3131 512 3172 de
551 3143 636 3183 quo
676 3143 758 3171 usu
796 3142 835 3171 v.
872 3131 926 3172 ad

137 3189 427 3242 Eutliyphron.
468 3202 508 3240 p.
553 3191 591 3227 2.
630 3188 680 3227 A.
729 3191 766 3227 5.
804 3186 853 3228 C.
882 3191 927 3228 et

136 3246 390 3299 Euthydem.
431 3258 472 3297 p.
509 3248 604 3283 292.
638 3242 690 3283 Ιει.
734 3246 830 3282 303.
869 3243 924 3285 D.

138 3302 226 3343 lon.
259 3316 298 3355 p.
332 3306 427 3342 534.
459 3300 509 3340 Ε.
550 3300 707 3351 Remp.
748 3299 854 3341 vm.
885 3313 925 3353 p.

143 3363 236 3399 548.
267 3360 316 3399 Α.
348 3357 524 3399 Lachet.
553 3369 593 3408 p.
616 3355 775 3396 181215.
795 3355 925 3398 Char-

1001 2399 1191 2440 firmavit
1252 2404 1516 2452 argumento.

1014 1939 1112 1987 mid.
1141 1958 1183 1999 p.
1209 1944 1305 1986 154.
1336 1941 1385 1987 Β.

1071 2002 1123 2044 Β.
1197 2004 1510 2056 Τοιγτιρουν
1562 2004 1615 2044 οἱ
1671 2019 1805 2061 προς

1016 2057 1215 2103 “vrohe
1241 2058 1307 2112 (Ξμ
1322 2059 1382 2113 φ]
1414 2057 1673 2103 Acutissime
1703 2076 1803 2115 per-

1015 2110 1675 2160 viditSclileiermaclierus
1703 2127 1803 2171 per-

1016 2174 1150 2214 tinere
1195 2171 1297 2213 llaec
1335 2173 1386 2213 ad
1430 2174 1590 2227 primos
1634 2174 1804 2217 scholae

1015 2228 1260 2281 Megaricae
1290 2230 1502 2271 doctoreS.
1531 2244 1570 2272 v.
1599 2232 1804 2274 Prooem.

1015 2285 1068 2326 ad
1111 2284 1296 2338 Sophist.
1339 2299 1376 2339 p
1422 2290 1500 2327 134
1537 2300 1601 2340 sq.
1659 2289 1803 2331 Quam

1012 2341 1184 2394 quidem
1215 2343 1499 2385 coniecturam
1528 2343 1622 2398 ipse
1647 2345 1804 2398 duplici

1609 2401 1803 2444 Primum

1012 2455 1182 2507 quidem
1215 2460 1338 2503 urget
1374 2455 1476 2508 hoc,
1518 2458 1633 2510 quod
1669 2471 1802 2510 quum

1011 2511 1114 2553 haec
1144 2512 1196 2552 de
1227 2512 1462 2553 discrimine
1492 2513 1637 2561 οὐσίας
1661 2519 1704 2555 et
1730 2530 1802 2567 γε-

1011 2571 1153 2614 νέσεως
1191 2568 1381 2609 doctrina
1419 2570 1698 2611 Parmenidea
1728 2573 1798 2622 sit,

1011 2630 1150 2665 tamen
1191 2625 1282 2664 aiii-s
1321 2626 1571 2676 quibusdam
1613 2627 1800 2679 philoso—

1008 2681 1100 2734 phis
1130 2681 1354 2724 tribuatur.
1386 2683 1538 2733 quibus
1554 2684 1635 2723 iam
1655 2683 1798 2734 Plato,

1010 2742 1287 2788 posteaquam
1335 2737 1631 2779 Parmenidem
1675 2744 1799 2780 antea

1009 2793 1190 2843 taxavit,
1231 2796 1428 2844 tanquam
1469 2795 1714 2846 aequalibus
1754 2799 1798 2836 et

1010 2848 1288 2889 familiaribus
1342 2850 1474 2890 lenius
1532 2850 1798 2893 adversetur.

1007 2905 1170 2946 Deinde
1199 2905 1414 2948 verissime
1445 2906 1667 2957 admonet.
1702 2907 1799 2951 Me·

1009 2961 1174 3013 garicos
1215 2966 1383 3013 praeter
1424 2962 1689 3004 dialecticam
1731 2968 1799 3004 et-

1008 3018 1093 3058 iam
1124 3017 1234 3058 haud
1272 3031 1404 3071 pauca
1444 3019 1522 3060 alia
1550 3020 1602 3060 ab
1635 3019 1798 3062 Eleati—

1010 3074 1070 3114 cis
1107 3079 1256 3115 mutua
1292 3076 1522 3128 sumsisse,
1563 3075 1691 3128 idque
1731 3080 1799 3118 et-

1007 3130 1090 3171 iam
1127 3129 1167 3170 in
1208 3130 1398 3172 doctrina
1435 3132 1488 3173 de
1531 3136 1626 3174 ente
1655 3132 1714 3174 ita
1744 3133 1798 3174 ab

1007 3186 1057 3228 iis
1086 3186 1245 3228 factum
1267 3187 1413 3228 rideri.
1474 3189 1556 3229 His
1572 3188 1690 3229 addit
1720 3188 1798 3230 de-

1010 3243 1150 3294 nique,
1182 3243 1298 3295 quod
1333 3245 1457 3284 etiam
1495 3245 1649 3286 bellum
1682 3245 1797 3286 istud

1008 3300 1194 3340 immane
1229 3299 1436 3342 adversus
1463 3301 1699 3342 Democriti
1727 3315 1797 3341 as—

1008 3358 1247 3398 sectatores
1274 3360 1405 3409 atque
1423 3357 1680 3411 Aristippum
1700 3370 1795 3398 cum

1266 3438 1396 3490 11*
