2028 3750
680 236 768 294 AD
808 232 1212 295 sormsTAM'.
1715 245 1784 296 io

107 385 194 436 to'r
228 386 594 445 mercenarius3
643 383 826 434 deinde
861 389 1112 435 mercator
1148 384 1373 450 quidam,
1421 385 1505 450 qui
1552 376 1783 451 discipli·

108 473 198 507 nas
235 461 289 505 et
329 461 463 506 artes
500 456 735 506 liberales
771 457 1040 516 venderet}
1078 458 1231 505 tertio
1263 457 1532 504 earundem
1553 457 1781 518 institor}

109 532 288 592 quarto
338 527 481 577 nobis
529 525 638 575 erat
685 526 755 585 is,
812 528 894 590 qui
930 527 1214 592 disciplinas
1251 527 1481 592 proprias
1516 527 1783 588 venderet3

106 599 282 663 quinto
319 598 550 664 apparuit
597 601 654 645 ut
687 596 877 646 athleta
924 599 1121 661 qnidam
1159 599 1281 646 artis
1319 598 1628 647 orationibus
1664 613 1782 649 con-
1826 651 1834 666 s

108 670 363 729 certandi,
414 670 498 732 qui
545 672 706 717 artem
744 667 1029 733 disputandi
1062 669 1330 733 separatim
1365 675 1394 717 a
1429 668 1636 732 reliquis
1673 668 1783 719 fac-

106 741 309 799 titaret3
363 739 576 804 denique
613 734 948 803 ponebamuS,
997 748 1090 788 uec
1126 744 1292 788 tamen
1330 740 1437 788 sine
1474 739 1784 790 dubitatione

109 811 352 875 quadam,
401 825 517 859 esse
565 824 680 858 eum
718 809 1029 882 opinionum,
1078 820 1204 874 quae
1239 811 1387 858 animi
1422 809 1688 860 eruditioni
1724 826 1784 860 ac

108 882 386 946 sapientiae
424 881 720 940 officerent,
758 879 1095 963 purgatorem.
1166 878 1298 928 Mira
1334 895 1453 928 vero
1490 885 1642 945 atque
1679 882 1780 932 sin-³

107 953 316 1034 gularis
348 951 505 999 haec
522 950 782 1015 multiplex
820 951 927 999 eius
965 951 1126 1000 forma
1162 965 1220 998 ac
1255 953 1455 1014 species
1492 957 1603 1012 est,
1655 967 1783 1016 quae

105 1028 249 1071 certe
298 1013 459 1070 iniicit
504 1021 711 1069 multam
746 1019 1121 1072 dubitationem.
1193 1019 1469 1085 Pergamus
1505 1023 1659 1088 igitur
1694 1039 1781 1071 na-

104 1097 271 1142 turam
319 1092 428 1141 eius
478 1102 632 1156 porro
679 1092 981 1154 exquirere,-
1037 1091 1082 1141 si
1129 1089 1266 1140 forte
1315 1093 1501 1141 certius
1550 1092 1782 1157 quiddam

103 1165 375 1229 explorare
424 1162 597 1222 liceat,
646 1161 779 1211 unde
817 1163 981 1226 possit
1015 1161 1257 1226 intelligi,
1308 1178 1397 1211 cur
1431 1163 1548 1222 ille,
1587 1164 1782 1214 etiamsi

102 1243 204 1283 uno
243 1238 432 1283 tantum
463 1234 662 1282 nomine
696 1224 1007 1297 insigniatur,
1045 1239 1210 1282 tamen
1247 1232 1372 1281 adeo
1408 1234 1572 1282 varius
1602 1234 1669 1283 sit
1704 1238 1782 1284 at*

49 1360 51 1362 ,
102 1312 203 1370 que
239 1304 512 1370 multiplex.
586 1294 706 1352 Fuit
755 1308 922 1352 autem
967 1320 1118 1353 unum
1165 1298 1396 1367 quiddam
1431 1305 1484 1354 in
1518 1306 1783 1370 superiore

104 1391 356 1444 sermone,
394 1370 526 1439 quod
564 1375 673 1423 eius
709 1374 933 1423 indolem
971 1380 1025 1424 et
1059 1375 1312 1439 ingenium
1350 1374 1641 1439 patefacere
1676 1391 1782 1425 ma-

41 1460 52 1495 ,’
101 1447 236 1497 xime
278 1447 551 1495 videretur.
634 1445 858 1507 Diximus
910 1446 1042 1494 enim
1079 1461 1191 1494 eum
1242 1455 1361 1495 esse
1407 1441 1780 1511 ἀντιλογικόν,

104 1518 191 1581 qui
237 1521 414 1566 contra
458 1517 620 1566 omnia
663 1500 834 1565 dicere
882 1521 1072 1580 posset.
1155 1515 1429 1566 Videamus
1480 1516 1662 1580 igitur,
1712 1517 1779 1568 de·

103 1584 395 1651 quibusnam
433 1588 586 1636 rebus
621 1583 959 1651 άντιλογικοί
1005 1587 1091 1635 isti
1129 1601 1246 1636 sese
1282 1587 1616 1651 profiteantur
1651 1587 1777 1637 alios

101 1668 313 1779 '333un
327 1659 413 1797 >ad
463 1663 637 1709 contra
684 1657 948 1708 dicendum
985 1658 1195 1709 idoenos
1230 1657 1448 1709 reddere
1484 1674 1656 1724 posse.
1694 1654 1776 1727 (P.

174 1932 178 1936 ,
245 1859 462 1922 Videtur
497 1872 663 1920 autem
700 1872 874 1918 contra
908 1863 1106 1919 dicendi
1131 1884 1211 1919 ars
1238 1868 1302 1919 de
1321 1869 1548 1919 omnibus
1574 1865 1774 1920 omnino

102 1939 286 2002 rebus,
334 1941 510 1989 divinis
555 1945 610 1990 et
643 1940 898 2001 humanis,
945 1940 1160 2005 publicis
1199 1946 1251 1989 et
1288 1942 1521 2006 privatis,
1571 1945 1776 1990 contro--v

101 2013 316 2060 versiam
350 2011 522 2060 facere
555 2012 707 2075 idque
741 2012 906 2076 ipsum
943 2011 1174 2076 profiteri
1211 2012 1289 2074 (P.
1324 2011 1442 2060 232.
1484 2011 1526 2060 C
1564 2038 1629 2048 -—
1667 2008 1776 2076 E.)-

101 2082 257 2146 Atqui
305 2082 419 2131 fieri
463 2094 562 2133 non
611 2086 810 2147 potest,
869 2086 926 2130 ut
982 2098 1108 2131 unus
1165 2082 1397 2146 idemque
1447 2081 1600 2129 homo
1651 2082 1778 2131 sciat

101 2154 282 2203 omnia.
372 2153 547 2218 ltaque
611 2153 881 2219 Sophistae
939 2162 1039 2202 non
1103 2159 1277 2202 revera
1331 2167 1500 2202 rerum
1559 2154 1777 2202 omnium

102 2219 248 2288 gnari
282 2228 426 2285 sunt,
476 2223 565 2273 sed
602 2226 822 2274 excitant
857 2225 1198 2273 tantummodo
1246 2224 1381 2291 hanc
1411 2225 1475 2272 de
1502 2226 1628 2271 ‘s‘e'se
1665 2224 1777 2287 opi-

101 2296 329 2354 nionem,
385 2299 440 2343 ut
487 2295 628 2360 gnari
686 2311 801 2344 esse
855 2295 1130 2343 videantur.
1226 2295 1471 2356 Quocirca
1527 2294 1778 2358 opinatam

104 2367 348 2429 quandam
385 2368 601 2415 omnium
638 2382 807 2415 rerum
845 2366 1153 2431 sapientiam,
1191 2373 1290 2414 non'
1327 2381 1496 2429 veram
1532 2365 1776 2428 cognitio-

103 2442 219 2485 nem
253 2436 442 2486 habere
477 2437 790 2486 existimandi
825 2443 954 2486 sunt.
1024 2436 1124 2485 lam
1170 2443 1289 2484 vero
1327 2437 1370 2484 si
1401 2436 1641 2500 originem
1678 2435 1774 2484 hu-

102 2507 182 2556 ius
220 2508 450 2573 opinatae
486 2510 763 2572 sapientiae
799 2507 1114 2573 indagamus,
1159 2508 1385 2556 curnitur
1432 2523 1490 2555 ea
1525 2507 1576 2554 in
1611 2507 1776 2554 imita-

102 2575 255 2627 tione.-
328 2579 753 2640 Quemadmodum
803 2580 932 2627 enim
981 2580 1065 2642 qui
1103 2588 1159 2625 se
1197 2594 1293 2627 una
1327 2582 1438 2626 arte
1476 2576 1775 2641 profiteatur

105 2650 269 2697 omnia
306 2649 603 2705 effecturum
640 2659 754 2699 esse
790 2665 957 2698 rerum
996 2649 1285 2705 simulacra,
1324 2663 1430 2708 eos,
1469 2648 1551 2711 qui
1588 2664 1616 2695 a
1650 2655 1776 2711 pue-

104 2719 177 2783 ris'
215 2735 382 2768 rerum
420 2721 520 2768 sint
554 2721 852 2780 inscientes,
889 2720 1078 2767 artibus
1115 2720 1218 2771 suis
1258 2718 1399 2766 fallat
1435 2733 1492 2766 ac
1529 2717 1775 2780 decipiat3

103 2789 175 2837 ita
223 2791 370 2837 etiam
422 2791 506 2839 est
547 2792 785 2853 quaedam
835 2806 916 2838 ars
960 2791 1265 2848 orationum,
1314 2804 1408 2850 qua
1444 2788 1645 2835 iuvenes
1683 2787 1778 2836 im·-

106 2859 381 2924 prudentes
430 2866 612 2923 queant
659 2854 849 2924 decipi,
899 2861 968 2908 ita
1015 2864 1070 2907 ut
1118 2874 1244 2922 quae
1292 2859 1392 2907 sint
1433 2858 1776 2921 tantummodo

105 2946 274 2978 rerum
313 2931 575 2979 simulacra
611 2933 836 2979 oratioue
869 2945 1135 2992 expressa,
1186 2944 1244 2976 ea
1293 2944 1386 2992 pro
1423 2929 1554 2975 veris
1594 2928 1777 2989 ducant

105 3006 256 3064 atque
291 3002 453 3065 ipsum
494 3001 610 3049 talia
646 3000 894 3049 dicnetem
926 3001 974 3047 in
1013 3000 1144 3048 omni
1180 3003 1345 3046 rernm
1376 3007 1560 3063 genere
1596 3003 1778 3062 putent

106 3080 223 3120 esse
270 3073 705 3136 sapientissimum.
779 3071 854 3118 Ex
903 3086 1000 3134 quo
1045 3070 1393 3132 consequitur,
1439 3074 1496 3116 ut
1540 3068 1778 3133 Sophiste

103 3142 240 3192 inter
285 3144 567 3207 imitatore-s
617 3159 673 3189 at
722 3142 1131 3207 praestigiatores
1170 3139 1499 3189 numerandus
1556 3140 1631 3187 sit«
1696 3134 1775 3205 (P.-

105 3212 224 3262 233.
262 3214 324 3264 A.-
363 3241 426 3248 --
468 3213 586 3261 235.
623 3210 723 3280 A.).
793 3213 902 3275 Age
951 3213 1066 3260 dum
1116 3211 1295 3274 igitur,
1346 3211 1442 3259 iam
1490 3213 1632 3258 certe
1679 3224 1775 3258 no-

108 3283 267 3332 strum
319 3290 397 3332 est
447 3285 660 3332 lelluam
709 3285 882 3342 istam,
954 3297 1102 3345 quam
1149 3280 1510 3346 piopemodum
1559 3280 1776 3333 reticulo

109 3355 327 3403 oratorio
367 3355 575 3418 quodam
615 3355 932 3402 constrictam
971 3358 1226 3411 tenemus,
1266 3367 1363 3400 non
1398 3365 1570 3400 lursus
1608 3351 1774 3398 dimit-

107 3424 232 3474 tere.
304 3426 593 3475 Dixidamu's
645 3440 716 3472 ei
704 3441 766 3489 go
804 3425 852 3473 in
903 3427 989 3472 sua
1042 3438 1223 3487 geneia
1262 3415 1524 3473 simulacra
1559 3418 1776 3486 fingendi

1279 3506 1375 3554 2*
