2028 3750
669 235 676 243 ‚
712 176 799 227 AD
839 176 1243 242 SOPHISTAM.
1736 181 1807 230 55

125 318 378 384 Cephalus
434 318 786 372 Parmenidcm
827 336 998 372 senem
1055 324 1244 387 optima
1307 336 1532 386 quaeque
1591 319 1655 368 de
1704 317 1800 367 So-

123 400 264 439 crate
313 390 633 439 adolescente
683 408 796 441 esse
851 400 1143 457 auguratum
1181 399 1416 458 tantaque
1453 396 1653 454 captum
1691 391 1799 438 eius

121 462 475 521 admiratione,
526 467 580 510 nt
625 478 722 512 non
765 463 947 513 invitus
996 466 1041 514 ei
1088 467 1420 529 morigeratus
1468 463 1683 525 denique
1731 462 1796 509 de

120 532 235 581 Uno
271 548 385 580 cnm
418 547 480 579 eo
501 533 756 582 disserere
793 549 1091 599 omnemque
1121 537 1190 591 ,de
1224 536 1351 585 ideis
1389 534 1663 584 doctrinam
1703 547 1794 580 ex-

120 619 312 668 ponere
360 603 648 652 instituerit.
723 605 796 652 lta
842 606 996 669 igitur
1047 607 1170 655 nihil
1220 623 1336 656 esse
1379 610 1611 671 apparet,
1662 602 1794 668 qnod

118 674 220 722 ullo
254 673 403 722 modo
441 675 706 738 impediat,
747 678 1008 739 quominus
1044 676 1303 726 Platonem
1342 675 1631 743 philosophi
1668 676 1790 722 ima-

116 746 311 808 ginem,
361 761 503 809 quam
556 746 609 796 in
653 746 894 811 Sophista
939 754 992 797 et
1028 747 1245 797 Politico
1284 749 1609 814 promiserat,
1643 745 1694 793 in
1731 745 1792 793 li-
1832 803 1839 810 .

115 816 209 865 bro
245 816 555 865 Parmenidis
608 819 805 867 nomine
840 819 1083 882 inscripto
1122 819 1335 884 denique
1373 819 1652 884 perfecisse
1688 816 1791 866 exi-

115 887 407 947 stimemus3
443 889 544 936 imo
581 886 734 936 multa
770 894 916 951 sunt,
963 905 1089 954 quae
1123 890 1252 944 hauc
1288 893 1394 941 eius
1434 891 1592 940 fuisse
1627 887 1791 937 ratio·
1814 947 1824 953 ‚

113 973 230 1007 nem
265 959 556 1022 gravissime
593 960 847 1011 suadeant.

253 1028 358 1077 Sed
402 1033 606 1092 tempus
654 1034 735 1078 est
781 1029 899 1078 huic
945 1029 1247 1095 praefationi
1295 1028 1491 1078 tandem
1527 1027 1790 1092 aliquando

112 1099 265 1148 finem
302 1099 594 1163 imponere,
643 1115 771 1166 quae
807 1116 990 1149 vereor
1024 1118 1088 1149 ne
1126 1118 1218 1166 pro
1254 1100 1401 1149 huius
1441 1102 1609 1164 operis
1645 1101 1788 1149 insti,

113 1176 225 1220 tuto
271 1171 351 1219 vel
399 1171 472 1220 sic
516 1171 612 1218 iam
649 1171 795 1221 nimis
842 1171 991 1236 longa
1027 1173 1256 1221 evaserit.
1330 1170 1397 1220 Et
1431 1170 1601 1220 facere
1638 1170 1686 1216 id
1725 1186 1787 1218 eo

112 1242 303 1291 rectius
346 1241 442 1290 iam
485 1257 637 1305 posse
676 1242 930 1305 videmur,
985 1235 1118 1308 quod
1156 1243 1416 1308 superiore
1451 1241 1789 1306 disputatione

110 1318 286 1362 nostra.
323 1312 563 1361 effectum
601 1318 707 1373 est,
754 1318 811 1362 ut
858 1330 984 1377 quae
1031 1314 1366 1363 Socherus
1422 1320 1598 1365 cont-ra
1633 1312 1787 1360 fidem

111 1388 166 1432 et
210 1385 562 1432 auctoritatem
611 1384 759 1438 huius
806 1384 922 1434 libri
966 1385 1234 1446 disseruit
1294 1401 1353 1433 ea
1410 1388 1644 1446 tauquam
1697 1399 1787 1432 sua

109 1459 294 1519 sponte
341 1454 664 1504 conciderint.
745 1454 858 1504 Hoc
904 1472 1056 1509 unum
1101 1456 1320 1509 sortasse
1368 1471 1428 1503 eo
1464 1453 1786 1537 nominemd-

110 1525 299 1575 didisse
345 1540 443 1573 non
498 1541 915 1590 supervacaneum
962 1529 1086 1589 erit,
1140 1528 1327 1592 respici
1363 1526 1652 1591 Sophistam
1687 1541 1786 1574 lam

107 1597 169 1644 ab
207 1596 589 1645 Aristotele
637 1595 927 1663 Metaphys.
962 1598 1022 1649 V.
1060 1614 1103 1648 c.
1142 1598 1190 1648 2.
1227 1613 1274 1662 p.
1317 1597 1419 1645 100
1455 1612 1527 1660 sq
1568 1599 1787 1659 pariter-

110 1682 209 1731 que
243 1666 540 1727 Politicum,
596 1668 735 1717 cuius
773 1685 884 1722 cum
918 1670 1217 1718 auctoritate
1251 1669 1384 1723 illius
1424 1683 1620 1731 quoque
1655 1667 1784 1715 fides

108 1737 246 1788 salva
282 1738 436 1788 stabit
471 1738 839 1800 etincolumis,
876 1740 1137 1790 Politicor.
1173 1740 1208 1789 1.
1234 1756 1276 1788 c.
1296 1742 1345 1787 2.
1418 1739 1495 1788 Ex
1532 1755 1629 1802 qno
1664 1753 1784 1803 per-

107 1810 337 1870 spicuum
384 1813 471 1859 est
532 1824 627 1859 nec
682 1809 864 1862 deesse
916 1815 1101 1862 testem
1153 1812 1275 1860 satis
1322 1809 1654 1873 locupletem,
1697 1808 1783 1873 qui

106 1895 223 1930 eum
270 1880 332 1928 ab
381 1880 690 1934 adulterinae
745 1883 949 1945 originis
986 1883 1268 1945 suspicione
1305 1882 1583 1931 defendere
1615 1885 1779 1943 queat.

107 1950 346 1999 Ceterum
393 1951 588 2000 utiliter
636 1951 981 2013 conferentur,
1037 1969 1163 2018 quae
1197 1954 1250 2003 in
1295 1952 1694 2015 Prolegomenis„
1718 1950 1784 2002 ad

106 2021 445 2076 Theaetetum
482 2023 548 2075 de
583 2023 692 2074 aliis
728 2024 1023 2089 quibusdam
1057 2024 1211 2078 rebus
1247 2024 1582 2088 exposuimus.
1666 2075 1674 2081 ,

570 2246 851 2300 NOTITIA
885 2246 1324 2300 LITTERARIA.

242 2374 539 2430 Peculiares
600 2375 875 2440 Sophistae
946 2377 1193 2427 editiones
1263 2375 1428 2425 factae
1488 2378 1604 2425 sunt
1650 2375 1781 2435 hae:

106 2447 410 2497 Platonis
469 2446 733 2513 Dialogi
787 2454 959 2510 tr-eS,
1015 2447 1361 2512 Sophista,
1420 2444 1746 2495 Politicus
1766 2484 1783 2508 ‚

106 2518 149 2568 Ρ
162 2537 189 2567 a
203 2535 230 2567 r
241 2535 289 2567 m
305 2535 334 2568 e
346 2519 452 2568 nid
466 2535 495 2566 e
511 2535 552 2570 S.
624 2518 822 2568 Graece
836 2556 851 2580 ,
906 2535 969 2568 ex
1005 2520 1298 2571 recensione
1333 2517 1485 2565 llenr.
1524 2516 1784 2579 Stephani,

105 2589 614 2639 animadversionibus
652 2591 843 2640 criticis
890 2591 1129 2641 illustrati
1177 2590 1238 2638 ab
1273 2589 1355 2637 Io.
1396 2587 1646 2641 Frider.
1682 2587 1725 2636 F
1739 2589 1781 2637 i-

110 2678 135 2710 s
149 2677 176 2709 c
189 2660 302 2708 her
316 2676 360 2709 o.
422 2659 648 2721 Lipsiae,
708 2666 879 2710 sumtu
934 2662 972 2712 1.
1028 2661 1115 2710 Fr.
1163 2659 1472 2724 Langhemii.
1526 2657 1681 2709 1774.
1724 2659 1781 2711 S.

111 2730 339 2780 Contulit
381 2729 489 2779 Fis
503 2729 582 2778 ch
597 2745 711 2782 eru
724 2747 748 2779 s
801 2735 924 2780 vett.
970 2732 1112 2782 editt.
1159 2731 1273 2780 Ald.
1317 2730 1430 2777 Bas.
1478 2728 1525 2777 1.
1571 2727 1620 2777 2.
1667 2744 1780 2777 cum

110 2800 341 2863 exemplo
378 2794 645 2862 Stephan,
671 2801 803 2851 uude
838 2803 996 2850 varias
1026 2801 1290 2864 exscripsit
1324 2799 1596 2858 lectiones3
1635 2813 1781 2861 prae-

107 2878 251 2921 terea
286 2886 406 2919 usus
443 2875 523 2918 est
545 2874 666 2919 vett.
704 2873 1039 2934 grammaticis
1061 2872 1271 2934 aliisque
1292 2869 1621 2931 scriptoribus
1642 2874 1783 2930 vett,

110 2944 195 3006 qui
230 2942 371 2990 locos
420 2941 643 3003 singulos
689 2940 950 2990 laudarunt
964 2979 979 3000 ,
1027 2941 1244 3004 indeque
1298 2940 1657 2989 emendationis
1695 2957 1782 3004 pe-

110 3015 192 3063 tiit
227 3012 419 3061 auxilia.
492 3010 630 3060 Raro
667 3016 832 3061 tamen
868 3013 928 3062 ab
957 3013 1112 3065 Ilenr.
1130 3010 1386 3074 Stephano
1419 3010 1662 3060 recedere
1695 3027 1783 3061 au-

110 3099 196 3136 sus
233 3088 327 3133 est.

252 3151 560 3203 Platonis
596 3150 861 3216 Dialogi
896 3157 1061 3213 tres,
1097 3151 1379 3211 Phaedo,
1412 3150 1783 3214 Sophistes,

48 3227 56 3236 '
110 3224 153 3274 P
171 3242 195 3273 r
209 3230 315 3274 ota
326 3241 356 3287 g
371 3239 402 3271 o
414 3240 440 3272 r
453 3240 482 3271 a
496 3239 536 3272 s.
608 3223 903 3273 Emendavit
933 3229 986 3272 et
1024 3225 1344 3274 annotat10ne
1365 3223 1603 3282 instruxit
1636 3222 1677 3271 L
1691 3240 1721 3271 u
1734 3223 1783 3273 d.

113 3296 156 3346 F
173 3298 290 3346 rid.
327 3295 374 3343 11
389 3310 417 3341 e
430 3295 447 3342 i
461 3310 490 3342 n
505 3294 538 3342 d
551 3308 580 3341 o
593 3310 619 3342 r
634 3293 727 3342 liu
742 3310 781 3343 s.
829 3293 1050 3343 Berolini
1062 3332 1078 3355 ,
1120 3294 1268 3343 1811).
1304 3294 1354 3342 8.
1425 3294 1670 3344 Versatus
1707 3300 1787 3344 est

119 3368 172 3418 in
209 3365 516 3418 emendando
555 3370 609 3416 et
641 3364 935 3418 illustrando
956 3365 1193 3432 sophista
1227 3364 1406 3415 eodem
1440 3366 1605 3427 modo,
1641 3382 1786 3430 quem
