2028 3750
710 205 797 257 AD
845 205 1258 260 SOPHISTAM.
1721 251 1725 256 .
1745 207 1818 260 35

134 353 270 410 tum,
321 354 380 400 ut
426 351 510 414 qui
555 349 620 402 d'e
666 353 783 400 ente
821 353 875 398 et
908 353 1179 399 non-ente
1215 349 1518 410 dissereret,
1571 348 1614 399 is
1649 364 1812 415 paene

132 435 230 470 non
279 427 455 485 posset
510 423 628 484 quin
689 422 838 470 etiam
885 422 950 470 de
996 422 1185 469 erroris
1243 418 1532 484 fraudisque
1585 422 1814 485 periculo

132 493 284 540 verba
318 491 530 540 faceret.
601 492 776 555 Itaque
823 491 919 540 hac
966 507 1085 540 usus
1133 493 1511 556 opportunitate
1548 493 1698 541 etiam
1732 493 1811 541 in-

133 562 297 610 dolem
371 569 423 611 et
482 571 708 611 naturam
768 562 1115 627 Sophistarum
1175 562 1472 611 adumbrare
1530 564 1810 624 constituit,

133 649 256 696 quos
306 633 444 696 quasi
484 633 722 696 quosdam
771 638 1060 696 argutarum
1108 631 1339 681 fraudum
1374 636 1637 683 venatores
1693 649 1811 683 esse

132 704 570 753 animadvertebat.
653 704 848 768 Nempe
903 705 970 751 ita
1019 704 1169 751 vitam
1214 704 1559 768 rationemque
1616 718 1809 766 eorum,

132 775 217 837 qui
255 780 505 838 perpetuo
540 775 591 822 in
631 790 709 834 eo,
750 773 879 838 quod
917 789 1016 822 non
1054 779 1156 833 est,
1194 775 1432 835 viverent,
1470 774 1626 823 veluti
1662 791 1692 823 e
1724 791 1809 824 re-

131 845 280 910 gione
316 847 488 909 posuit
521 845 600 906 iis,
638 845 722 908 qui
757 850 959 893 aeterna
995 845 1208 892 veritate
1232 846 1534 907 exquirenda
1556 851 1810 911 perpetuo

132 917 364 981 occupati
399 921 586 975 essent,
622 922 677 964 et
711 917 828 964 dum
863 915 917 963 id
953 913 1084 978 quod
1121 920 1201 963 cst
1238 916 1452 978 explicat
1490 922 1542 964 et
1566 917 1808 978 illustrat,

132 1001 307 1035 eorum
354 988 618 1050 imaginem
670 986 733 1032 ob
777 986 951 1034 oculos
994 985 1190 1050 posuit,
1241 986 1327 1048 qui
1373 987 1675 1036 contrarium
1712 1003 1806 1052 po·-

129 1058 232 1106 tius
279 1061 505 1106 amarent
554 1061 608 1104 et
654 1061 986 1104 sectarentur.
1058 1055 1326 1104 Enimvero
1376 1056 1506 1119 quod
1553 1057 1605 1106 in
1649 1059 1809 1122 pluri-

131 1129 226 1177 mis
263 1129 464 1192 scriptis
499 1126 721 1175 Platonis
757 1126 1208 1185 animadvertimus,
1246 1127 1414 1174 solere
1449 1126 1809 1192 philosophum

130 1213 244 1248 cum
279 1199 533 1249 interioris
571 1199 842 1263 sapientiae
878 1199 1181 1261 argumentis
1207 1197 1444 1262 copulare
1467 1199 1617 1246 etiam
1639 1215 1808 1249 earum

132 1285 304 1319 rerum
346 1270 765 1331 illustrationem,
803 1285 928 1332 quae
965 1270 1221 1333 pertinent
1258 1270 1321 1316 ad
1354 1270 1514 1334 ipsam
1551 1269 1807 1321 hominum

130 1342 310 1402 vitam,
357 1357 456 1405 quo
499 1340 746 1389 illustrior
782 1341 1078 1402 suaviorque
1125 1339 1212 1387 fiat
1245 1340 1355 1404 ipsa
1392 1341 1668 1403 sapientiae
1703 1342 1807 1389 dis-

134 1412 342 1476 ciplina3
387 1413 522 1461 idem
568 1413 719 1460 etiam
766 1412 818 1459 in
855 1410 1095 1474 Sophista
1146 1415 1255 1457 arte
1292 1407 1499 1476 Prorsus
1538 1411 1700 1461 diviua
1735 1413 1809 1461 sic

132 1483 193 1531 ab
232 1498 293 1532 eo
329 1483 612 1532 institutum
658 1498 775 1531 esse
812 1481 1098 1545 intelligere
1134 1480 1269 1530 licet.
1343 1480 1583 1530 Solebant
1621 1482 1808 1547 Sophi-

132 1558 269 1613 stae,
306 1555 390 1618 qui
427 1555 566 1617 quasi
602 1554 776 1602 simiae
811 1553 1006 1616 quidam
1043 1567 1274 1600 verorum
1312 1552 1608 1616 sapientium
1647 1559 1810 1615 erant,

130 1629 300 1672 tamen
338 1641 366 1672 a
402 1622 716 1672 multitudine
761 1624 996 1687 imperita
1041 1622 1171 1670 malo
1210 1637 1386 1670 errore
1422 1639 1534 1672 cum
1569 1624 1649 1672 his
1690 1641 1807 1674 con·-

132 1694 303 1754 fundi3
352 1694 582 1743 solebant
629 1696 751 1743 item
799 1709 975 1742 errore
1019 1694 1268 1741 simillimo
1331 1694 1438 1740 veri
1485 1698 1808 1759 germanique

131 1767 225 1813 viri
273 1767 472 1826 civiles,
523 1766 605 1828 qui
652 1766 772 1829 quid
810 1779 930 1813 vere
975 1765 1282 1828 reipublicae
1334 1764 1601 1826 prodesset
1647 1767 1808 1829 probe

134 1843 456 1902 perspectum
493 1836 756 1896 haberent,
793 1851 889 1884 non
916 1836 1155 1898 distingui
1191 1836 1251 1882 ab
1289 1835 1367 1894 iis,
1406 1836 1489 1898 qui
1524 1838 1670 1885 istam
1708 1838 1808 1885 vir-

131 1913 293 1956 tutem
331 1908 678 1958 mentirentur.
751 1906 880 1968 Quid
928 1907 1082 1969 igitur
1129 1906 1495 1971 philosophus,
1545 1923 1695 1970 quum
1743 1907 1808 1956 de

130 1979 353 2026 idearum
404 1979 664 2042 disciplina
725 1979 889 2041 deque
935 1976 1125 2026 fraudis
1185 1981 1237 2025 et
1296 1978 1483 2024 erroris
1535 1978 1808 2042 originibus

131 2050 364 2099 subtilius
412 2050 661 2114 explicare
707 2049 759 2097 in
805 2049 1016 2096 animum
1054 2047 1370 2096 induxisset?
1439 2048 1684 2097 Nimirum
1723 2063 1807 2097 ea-

132 2119 247 2168 dem
290 2121 385 2170 hae
430 2136 553 2169 usus
601 2119 863 2181 scribendi,
903 2120 1280 2184 opportunitate
1326 2120 1564 2168 continuo
1619 2120 1810 2169 bellum

131 2191 308 2255 indixit
345 2191 632 2257 Sophistis,
679 2190 1025 2250 Rhetoribus,
1061 2188 1391 2253 Demagogis,
1447 2190 1662 2253 denique
1698 2191 1808 2256 opi·

132 2262 261 2311 natis
308 2262 420 2312 istis
471 2262 777 2326 sapientibus
817 2262 1074 2321 omnibus,
1124 2261 1207 2324 qui
1241 2261 1293 2307 in
1326 2261 1437 2324 ipsa
1471 2261 1702 2326 publicae
1735 2263 1810 2310 vi·-

132 2338 215 2380 tae
264 2332 377 2381 luce
421 2333 610 2382 vellent
663 2348 778 2381 esse
816 2331 1071 2396 conspicui
1107 2337 1161 2380 et
1195 2334 1363 2379 tamen
1399 2332 1479 2378 vel
1517 2348 1692 2381 errore
1728 2334 1811 2382 vel
1850 2345 1853 2348 ’

131 2404 292 2452 malae
328 2404 518 2452 fraudis
567 2404 734 2452 studio
784 2404 1103 2452 ducerentur.
1174 2401 1307 2450 Hinc
1347 2402 1502 2465 igitur
1538 2403 1586 2452 in
1626 2403 1812 2470 Sophi-

133 2480 238 2535 sta,
282 2475 334 2523 in
381 2489 479 2538 quo
527 2475 656 2524 libro
710 2475 1024 2539 gravissimas
1048 2477 1116 2521 -et
1153 2473 1548 2522 abstrusissimas
1586 2491 1671 2524 res
1708 2479 1812 2524 tra-

132 2550 271 2594 ctare
306 2546 550 2606 instituit,
587 2546 726 2594 felici
761 2561 880 2594 saue
917 2545 1118 2593 delectu
1154 2543 1418 2610 Sophistas
1456 2547 1721 2608 exagitavit
1759 2551 1812 2595 et

134 2631 279 2678 quam
324 2615 362 2664 ii
409 2633 439 2663 a
487 2631 604 2664 vera
652 2615 974 2681 philosophia.
1026 2620 1197 2664 essent
1243 2615 1392 2664 alieni
1435 2615 1810 2665 demonstravit.

134 2686 283 2748 Quod
329 2686 531 2749 quidem
575 2685 706 2735 fecit
751 2687 901 2750 longe
949 2685 1336 2749 elegantissime.
1423 2685 1549 2734 Nam
1594 2687 1811 2751 primum

133 2771 250 2804 cum
293 2755 388 2803 hac
424 2757 746 2820 quaestione,
795 2772 971 2819 quam,
1020 2756 1118 2804 etsi
1157 2760 1237 2804 est
1272 2757 1590 2816 secundaria,
1643 2762 1812 2807 tamen

135 2830 448 2891 propterea,
486 2826 617 2889 quod
655 2826 887 2875 similiter
923 2824 987 2872 dc
1020 2824 1250 2874 Politicis
1300 2831 1410 2874 erat
1444 2828 1811 2891 disputaturus,

135 2897 421 2962 primariam
457 2912 573 2945 esse
609 2897 839 2956 simulat,
877 2895 1138 2960 aptissime
1180 2895 1429 2960 copulavit
1465 2903 1811 2960 argumentum

135 2968 254 3016 libri
291 2968 608 3032 primarium:
657 2968 791 3030 quod
828 2965 1076 3030 quomodo
1113 2965 1318 3025 feeerit,
1371 2982 1432 3015 ex
1467 2969 1813 3031 superioribus

137 3039 327 3087 clarum
364 3043 446 3086 est
481 3053 537 3086 ac
573 3038 910 3102 perspicuum.
981 3035 1175 3088 Deinde
1203 3036 1552 3099 Sophistarum
1588 3039 1814 3089 exhibuit

137 3109 454 3158 definitiones
505 3108 619 3167 eas,
679 3123 804 3172 quae
854 3107 1035 3172 plenae
1087 3112 1258 3156 essent
1301 3107 1500 3173 lepidae
1548 3110 1814 3171 irrisionis,

136 3185 190 3228 at
235 3184 376 3228 tanto
424 3178 696 3228 facetiores
745 3183 798 3227 et
843 3175 1166 3237 urbanioreS,
1217 3177 1348 3241 quod
1393 3195 1544 3243 quum
1578 3187 1750 3231 essent
1785 3198 1815 3230 a

137 3251 290 3300 rebus
336 3250 556 3298 externis
607 3255 663 3298 et
711 3248 934 3298 fortuitis
979 3247 1190 3308 ductae,
1243 3252 1412 3298 tamen
1458 3254 1512 3298 et
1563 3251 1814 3316 ingenium

141 3335 314 3369 eorum
364 3321 676 3384 aliquatenus
722 3319 1071 3385 patefacerent
1107 3332 1271 3382 neque
1305 3319 1370 3369 ab.
1403 3319 1659 3370 hominum
1695 3337 1814 3387 pru-

137 3391 424 3441 dentiorum
469 3391 668 3441 iudiciis
716 3388 1027 3440 recederent,
1114 3389 1268 3440 Certe
1329 3391 1530 3455 quidem
1579 3392 1814 3442 Socrates

1247 3471 1343 3524 3*
