<?xml version="1.0" encoding="UTF-8"?>
<!DOCTYPE html PUBLIC "-//W3C//DTD XHTML 1.0 Transitional//EN"
    "http://www.w3.org/TR/xhtml1/DTD/xhtml1-transitional.dtd">
<html xmlns="http://www.w3.org/1999/xhtml" xml:lang="en" lang="en">
 <head>
  <title>
</title>
<meta http-equiv="Content-Type" content="text/html;charset=utf-8" />
  <meta name='ocr-system' content='tesseract 3.04.00' />
  <meta name='ocr-capabilities' content='ocr_page ocr_carea ocr_par ocr_line ocrx_word'/>
</head>
<body>
  <div class='ocr_page' id='page_1' title='image "./s1s2operaomniare08platuoft_0370.png"; bbox 0 0 2028 3750; ppageno 0'>
   <div class='ocr_carea' id='block_1_1' title="bbox 178 176 1268 270">
    <p class='ocr_par' dir='ltr' id='par_1_1' title="bbox 178 176 1268 270">
     <span class='ocr_line' id='line_1_1' title="bbox 178 176 1268 270; baseline -0.006 0"><span class='ocrx_word' id='word_1_1' title='bbox 178 176 287 270; x_wconf 61' lang='grc'><em>’68</em></span> <span class='ocrx_word' id='word_1_2' title='bbox 854 207 1268 264; x_wconf 72' lang='lat' dir='ltr'><strong>P‘LA&#39;roms</strong></span> 
     </span>
    </p>
   </div>
   <div class='ocr_carea' id='block_1_2' title="bbox 202 329 1911 1609">
    <p class='ocr_par' dir='ltr' id='par_1_2' title="bbox 216 329 1902 514">
     <span class='ocr_line' id='line_1_2' title="bbox 216 329 1902 437; baseline -0.007 -19"><span class='ocrx_word' id='word_1_3' title='bbox 216 380 353 434; x_wconf 93' lang='grc' dir='ltr'><em>μον,</em></span> <span class='ocrx_word' id='word_1_4' title='bbox 412 357 546 432; x_wconf 74' lang='grc' dir='ltr'><em>ἐμὸν</em></span> <span class='ocrx_word' id='word_1_5' title='bbox 603 361 660 414; x_wconf 81' lang='grc' dir='ltr'><em>δὲ</em></span> <span class='ocrx_word' id='word_1_6' title='bbox 719 353 1014 425; x_wconf 81' lang='grc' dir='ltr'><em>ἡλικιώτην</em></span> <span class='ocrx_word' id='word_1_7' title='bbox 1056 358 1148 412; x_wconf 85' lang='grc' dir='ltr'><em>καὶ</em></span> <span class='ocrx_word' id='word_1_8' title='bbox 1191 349 1641 437; x_wconf 76' lang='grc' dir='ltr'><em>συγγυμναστήν,</em></span> <span class='ocrx_word' id='word_1_9' title='bbox 1684 343 1747 427; x_wconf 84' lang='grc' dir='ltr'><em>ᾦ</em></span> <span class='ocrx_word' id='word_1_10' title='bbox 1773 329 1902 408; x_wconf 74' lang='grc' dir='ltr'><em>συν-</em></span> 
     </span>
     <span class='ocr_line' id='line_1_3' title="bbox 217 435 1613 514; baseline -0.006 -12"><span class='ocrx_word' id='word_1_11' title='bbox 217 450 501 502; x_wconf 80' lang='grc' dir='ltr'><em>διαπονεῖν</em></span> <span class='ocrx_word' id='word_1_12' title='bbox 541 440 658 514; x_wconf 80' lang='grc' dir='ltr'><em>μετ’</em></span> <span class='ocrx_word' id='word_1_13' title='bbox 709 443 844 513; x_wconf 77' lang='grc' dir='ltr'><em>ἐμοῦ</em></span> <span class='ocrx_word' id='word_1_14' title='bbox 885 437 956 496; x_wconf 74' lang='grc' dir='ltr'><em>τὰ</em></span> <span class='ocrx_word' id='word_1_15' title='bbox 987 436 1180 503; x_wconf 77' lang='grc' dir='ltr'><em>πολλὰ</em></span> <span class='ocrx_word' id='word_1_16' title='bbox 1225 439 1326 497; x_wconf 82' lang='grc' dir='ltr'><em>οὐκ</em></span> <span class='ocrx_word' id='word_1_17' title='bbox 1363 435 1613 507; x_wconf 75' lang='grc' dir='ltr'><em>ἄηθες.</em></span> 
     </span>
    </p>

    <p class='ocr_par' dir='ltr' id='par_1_3' title="bbox 202 516 1911 1609">
     <span class='ocr_line' id='line_1_4' title="bbox 345 516 1903 604; baseline -0.006 -21"><span class='ocrx_word' id='word_1_18' title='bbox 345 524 486 604; x_wconf 80' lang='lat' dir='ltr'><strong>Cap.</strong></span> <span class='ocrx_word' id='word_1_19' title='bbox 547 522 652 579; x_wconf 84' lang='grc' dir='ltr'><em>ΙΙΙ.</em></span> <span class='ocrx_word' id='word_1_20' title='bbox 737 520 852 586; x_wconf 90' lang='grc' dir='ltr'><em>ΞΕ.</em></span> <span class='ocrx_word' id='word_1_21' title='bbox 912 516 994 580; x_wconf 77' lang='grc' dir='ltr'><em>Εὖ</em></span> <span class='ocrx_word' id='word_1_22' title='bbox 1041 528 1236 593; x_wconf 81' lang='grc' dir='ltr'><em>λέγεις,</em></span> <span class='ocrx_word' id='word_1_23' title='bbox 1291 527 1382 579; x_wconf 83' lang='grc' dir='ltr'><em>καὶ</em></span> <span class='ocrx_word' id='word_1_24' title='bbox 1428 526 1606 578; x_wconf 88' lang='grc' dir='ltr'><em>ταῦτα</em></span> <span class='ocrx_word' id='word_1_25' title='bbox 1647 521 1748 592; x_wconf 80' lang='grc' dir='ltr'><em>μὲν</em></span> <span class='ocrx_word' id='word_1_26' title='bbox 1789 521 1903 589; x_wconf 68' lang='grc' dir='ltr'><em>ἰδίᾳ</em></span> 
     </span>
     <span class='ocr_line' id='line_1_5' title="bbox 219 602 1905 694; baseline -0.008 -26"><span class='ocrx_word' id='word_1_27' title='bbox 219 609 500 684; x_wconf 75' lang='grc' dir='ltr'><strong><em>βουλεύσει</em></strong></span> <span class='ocrx_word' id='word_1_28' title='bbox 553 606 855 694; x_wconf 83' lang='grc' dir='ltr'><em>προϊόντος</em></span> <span class='ocrx_word' id='word_1_29' title='bbox 897 612 999 665; x_wconf 87' lang='grc' dir='ltr'><em>τοῦ</em></span> <span class='ocrx_word' id='word_1_30' title='bbox 1041 606 1236 680; x_wconf 78' lang='grc' dir='ltr'><em>λόγου·</em></span> <span class='ocrx_word' id='word_1_31' title='bbox 1291 611 1450 685; x_wconf 76' lang='grc' dir='ltr'><em>κοινῇ</em></span> <span class='ocrx_word' id='word_1_32' title='bbox 1495 610 1550 662; x_wconf 81' lang='grc' dir='ltr'><em>δὲ</em></span> <span class='ocrx_word' id='word_1_33' title='bbox 1593 602 1715 677; x_wconf 83' lang='grc' dir='ltr'><em>μετ’</em></span> <span class='ocrx_word' id='word_1_34' title='bbox 1769 605 1905 657; x_wconf 79' lang='grc' dir='ltr'><em>ἐμοῦ</em></span> 
     </span>
     <span class='ocr_line' id='line_1_6' title="bbox 222 681 1905 765; baseline -0.007 -13"><span class='ocrx_word' id='word_1_35' title='bbox 222 715 312 752; x_wconf 92' lang='grc' dir='ltr'><em>σοι</em></span> <span class='ocrx_word' id='word_1_36' title='bbox 351 700 679 750; x_wconf 83' lang='grc' dir='ltr'><em>σνσκεπτέον</em></span> <span class='ocrx_word' id='word_1_37' title='bbox 725 681 1010 765; x_wconf 80' lang='grc' dir='ltr'><em>ἀοχομένῳ</em></span> <span class='ocrx_word' id='word_1_38' title='bbox 1064 695 1315 764; x_wconf 85' lang='grc' dir='ltr'><em>ποῶτον,</em></span> <span class='ocrx_word' id='word_1_39' title='bbox 1358 689 1430 756; x_wconf 81' lang='grc' dir='ltr'><em>ὡς</em></span> <span class='ocrx_word' id='word_1_40' title='bbox 1473 693 1591 763; x_wconf 80' lang='grc' dir='ltr'><em>ὲιιοὶ</em></span> <span class='ocrx_word' id='word_1_41' title='bbox 1628 691 1905 764; x_wconf 80' lang='grc' dir='ltr'><em>φαίνεται,</em></span> 
     </span>
     <span class='ocr_line' id='line_1_7' title="bbox 223 768 1907 874; baseline -0.006 -40"><span class='ocrx_word' id='word_1_42' title='bbox 223 781 326 834; x_wconf 90' lang='grc' dir='ltr'><em>νῦν</em></span> <span class='ocrx_word' id='word_1_43' title='bbox 368 774 482 834; x_wconf 81' lang='grc' dir='ltr'><em>ἀπὸ</em></span> <span class='ocrx_word' id='word_1_44' title='bbox 526 780 626 833; x_wconf 88' lang='grc' dir='ltr'><em>τοῦ</em></span> <span class='ocrx_word' id='word_1_45' title='bbox 665 778 958 853; x_wconf 78' lang='grc' dir='ltr'><em>σοφιστοῦ,</em></span> <span class='ocrx_word' id='word_1_46' title='bbox 1001 777 1257 844; x_wconf 75' lang='grc' dir='ltr'><em>ζητοῦντι</em></span> <span class='ocrx_word' id='word_1_47' title='bbox 1281 778 1373 831; x_wconf 87' lang='grc' dir='ltr'><em>καὶ</em></span> <span class='ocrx_word' id='word_1_48' title='bbox 1415 776 1770 874; x_wconf 71' lang='grc' dir='ltr'><em>ἐμφανίζοντι</em></span> <span class='ocrx_word' id='word_1_49' title='bbox 1811 768 1907 824; x_wconf 83' lang='grc' dir='ltr'><em>λό-</em></span> 
     </span>
     <span class='ocr_line' id='line_1_8' title="bbox 202 851 1905 934; baseline -0.006 -15"><span class='ocrx_word' id='word_1_50' title='bbox 202 884 320 932; x_wconf 69' lang='grc' dir='ltr'><em>γῳ,</em></span> <span class='ocrx_word' id='word_1_51' title='bbox 376 866 432 918; x_wconf 88' lang='grc' dir='ltr'><em>τί</em></span> <span class='ocrx_word' id='word_1_52' title='bbox 482 860 609 931; x_wconf 79' lang='grc' dir='ltr'><em>ποτ’</em></span> <span class='ocrx_word' id='word_1_53' title='bbox 671 863 800 917; x_wconf 73' lang='grc' dir='ltr'><em>ἐστι.</em></span> <span class='ocrx_word' id='word_1_54' title='bbox 859 863 964 916; x_wconf 88' lang='grc' dir='ltr'><em>νῦν</em></span> <span class='ocrx_word' id='word_1_55' title='bbox 1024 858 1131 934; x_wconf 77' lang='grc' dir='ltr'><em>γὰρ</em></span> <span class='ocrx_word' id='word_1_56' title='bbox 1193 856 1259 928; x_wconf 84' lang='grc' dir='ltr'><em>δὴ</em></span> <span class='ocrx_word' id='word_1_57' title='bbox 1304 857 1370 915; x_wconf 87' lang='grc' dir='ltr'><em>σύ</em></span> <span class='ocrx_word' id='word_1_58' title='bbox 1414 880 1471 915; x_wconf 83' lang='grc' dir='ltr'><em>τε</em></span> <span class='ocrx_word' id='word_1_59' title='bbox 1514 854 1661 925; x_wconf 72' lang='grc' dir='ltr'><em>κάγὼ</em></span> <span class='ocrx_word' id='word_1_60' title='bbox 1705 851 1905 910; x_wconf 86' lang='grc' dir='ltr'><em>τούτου</em></span> 
     </span>
     <span class='ocr_line' id='line_1_9' title="bbox 225 935 1898 1021; baseline -0.005 -19"><span class='ocrx_word' id='word_1_61' title='bbox 225 951 349 1021; x_wconf 79' lang='grc' dir='ltr'><em>πέρι</em></span> <span class='ocrx_word' id='word_1_62' title='bbox 391 942 639 1019; x_wconf 81' lang='grc' dir='ltr'><em>τοῦνομα</em></span> <span class='ocrx_word' id='word_1_63' title='bbox 681 943 858 1017; x_wconf 88' lang='grc' dir='ltr'><em>μόνον</em></span> <span class='ocrx_word' id='word_1_64' title='bbox 901 948 1094 1016; x_wconf 74' lang='grc' dir='ltr'><em>ἔχομεν</em></span> <span class='ocrx_word' id='word_1_65' title='bbox 1135 945 1323 1020; x_wconf 79' lang='grc' dir='ltr'><em>κοινῆ·</em></span> <span class='ocrx_word' id='word_1_66' title='bbox 1369 940 1432 999; x_wconf 81' lang='grc' dir='ltr'><em>τὸ</em></span> <span class='ocrx_word' id='word_1_67' title='bbox 1478 945 1534 998; x_wconf 84' lang='grc' dir='ltr'><em>δὲ</em></span> <span class='ocrx_word' id='word_1_68' title='bbox 1576 944 1764 1011; x_wconf 76' lang='grc' dir='ltr'><em>ἔργον,</em></span> <span class='ocrx_word' id='word_1_69' title='bbox 1808 935 1898 1014; x_wconf 76' lang='grc' dir='ltr'><em>ἐφ’</em></span> 
     </span>
     <span class='ocr_line' id='line_1_10' title="bbox 225 1021 1908 1103; baseline -0.005 -18"><span class='ocrx_word' id='word_1_70' title='bbox 225 1024 269 1085; x_wconf 80' lang='grc' dir='ltr'><strong><em>ὦ</em></strong></span> <span class='ocrx_word' id='word_1_71' title='bbox 312 1032 616 1103; x_wconf 83' lang='grc' dir='ltr'><em>καλοῦμεν,</em></span> <span class='ocrx_word' id='word_1_72' title='bbox 662 1027 918 1102; x_wconf 82' lang='grc' dir='ltr'><em>ἑκατερος</em></span> <span class='ocrx_word' id='word_1_73' title='bbox 958 1027 1076 1100; x_wconf 78' lang='grc' dir='ltr'><em>ταχ’</em></span> <span class='ocrx_word' id='word_1_74' title='bbox 1125 1025 1199 1083; x_wconf 79' lang='grc' dir='ltr'><em>ἂν</em></span> <span class='ocrx_word' id='word_1_75' title='bbox 1227 1031 1342 1098; x_wconf 80' lang='grc' dir='ltr'><em>ἰδία</em></span> <span class='ocrx_word' id='word_1_76' title='bbox 1371 1024 1504 1100; x_wconf 77' lang='grc' dir='ltr'><em>παρ’</em></span> <span class='ocrx_word' id='word_1_77' title='bbox 1552 1023 1684 1097; x_wconf 80' lang='grc' dir='ltr'><em>ἡμῖν</em></span> <span class='ocrx_word' id='word_1_78' title='bbox 1715 1021 1908 1085; x_wconf 77' lang='grc' dir='ltr'><em>αὐτοῖς</em></span> 
     </span>
     <span class='ocr_line' id='line_1_11' title="bbox 222 1103 1909 1187; baseline -0.007 -17"><span class='ocrx_word' id='word_1_79' title='bbox 222 1117 470 1187; x_wconf 70' lang='grc' dir='ltr'><em>ἔχοιμεν·</em></span> <span class='ocrx_word' id='word_1_80' title='bbox 514 1117 594 1170; x_wconf 84' lang='grc' dir='ltr'><em>δει</em></span> <span class='ocrx_word' id='word_1_81' title='bbox 635 1115 692 1169; x_wconf 78' lang='grc' dir='ltr'><em>δὲ</em></span> <span class='ocrx_word' id='word_1_82' title='bbox 734 1111 821 1169; x_wconf 81' lang='grc' dir='ltr'><em>ἀεὶ</em></span> <span class='ocrx_word' id='word_1_83' title='bbox 863 1110 1076 1178; x_wconf 83' lang='grc' dir='ltr'><em>παντὸς</em></span> <span class='ocrx_word' id='word_1_84' title='bbox 1114 1117 1236 1185; x_wconf 83' lang='grc' dir='ltr'><em>πέρι</em></span> <span class='ocrx_word' id='word_1_85' title='bbox 1259 1108 1322 1166; x_wconf 83' lang='grc' dir='ltr'><em>τὸ</em></span> <span class='ocrx_word' id='word_1_86' title='bbox 1353 1113 1585 1187; x_wconf 78' lang='grc' dir='ltr'><em>πρᾶγμα</em></span> <span class='ocrx_word' id='word_1_87' title='bbox 1605 1103 1744 1163; x_wconf 83' lang='grc' dir='ltr'><em>αὐτὸ</em></span> <span class='ocrx_word' id='word_1_88' title='bbox 1767 1109 1909 1179; x_wconf 81' lang='grc' dir='ltr'><em>μᾶλ-</em></span> 
     </span>
     <span class='ocr_line' id='line_1_12' title="bbox 223 1190 1908 1269; baseline -0.008 -14"><span class='ocrx_word' id='word_1_89' title='bbox 223 1198 325 1255; x_wconf 82' lang='grc' dir='ltr'><em>λον</em></span> <span class='ocrx_word' id='word_1_90' title='bbox 365 1195 457 1255; x_wconf 75' lang='grc' dir='ltr'><em>διὰ</em></span> <span class='ocrx_word' id='word_1_91' title='bbox 515 1197 694 1269; x_wconf 76' lang='grc' dir='ltr'><em>λόγων</em></span> <span class='ocrx_word' id='word_1_92' title='bbox 735 1195 771 1266; x_wconf 78' lang='grc' dir='ltr'>ἢ</span> <span class='ocrx_word' id='word_1_93' title='bbox 815 1193 1068 1267; x_wconf 77' lang='grc' dir='ltr'><em>τοῦνομα</em></span> <span class='ocrx_word' id='word_1_94' title='bbox 1107 1194 1284 1268; x_wconf 86' lang='grc' dir='ltr'><em>μόνον</em></span> <span class='ocrx_word' id='word_1_95' title='bbox 1327 1190 1908 1264; x_wconf 77' lang='grc' dir='ltr'><em>συνωμολογήσασθαι</em></span> 
     </span>
     <span class='ocr_line' id='line_1_13' title="bbox 219 1277 1908 1355; baseline -0.007 -16"><span class='ocrx_word' id='word_1_96' title='bbox 219 1284 385 1355; x_wconf 81' lang='grc' dir='ltr'><em>χωρὶς</em></span> <span class='ocrx_word' id='word_1_97' title='bbox 438 1279 625 1353; x_wconf 81' lang='grc' dir='ltr'><em>λόγου.</em></span> <span class='ocrx_word' id='word_1_98' title='bbox 682 1278 745 1337; x_wconf 86' lang='grc' dir='ltr'><em>τὸ</em></span> <span class='ocrx_word' id='word_1_99' title='bbox 793 1283 851 1336; x_wconf 82' lang='grc' dir='ltr'><em>δὲ</em></span> <span class='ocrx_word' id='word_1_100' title='bbox 895 1283 1094 1355; x_wconf 79' lang='grc' dir='ltr'><em>φῦλον,</em></span> <span class='ocrx_word' id='word_1_101' title='bbox 1130 1277 1160 1335; x_wconf 86' lang='grc' dir='ltr'><em>ὃ</em></span> <span class='ocrx_word' id='word_1_102' title='bbox 1206 1282 1309 1334; x_wconf 90' lang='grc' dir='ltr'><em>νῦν</em></span> <span class='ocrx_word' id='word_1_103' title='bbox 1348 1280 1677 1348; x_wconf 79' lang='grc' dir='ltr'><em>ἐπινοοῦμεν</em></span> <span class='ocrx_word' id='word_1_104' title='bbox 1715 1277 1908 1342; x_wconf 81' lang='grc' dir='ltr'><em>ζητεῖν,</em></span> 
     </span>
     <span class='ocr_line' id='line_1_14' title="bbox 226 1357 1911 1439; baseline -0.007 -16"><span class='ocrx_word' id='word_1_105' title='bbox 226 1366 292 1423; x_wconf 85' lang='grc' dir='ltr'><em>οὐ</em></span> <span class='ocrx_word' id='word_1_106' title='bbox 338 1365 566 1422; x_wconf 77' lang='grc' dir='ltr'><em>πάντων</em></span> <span class='ocrx_word' id='word_1_107' title='bbox 609 1363 820 1439; x_wconf 78' lang='grc' dir='ltr'><em>ῥᾷστον</em></span> <span class='ocrx_word' id='word_1_108' title='bbox 862 1366 1170 1434; x_wconf 78' lang='grc' dir='ltr'><em>συλλαβεῖν,</em></span> <span class='ocrx_word' id='word_1_109' title='bbox 1216 1369 1263 1418; x_wconf 86' lang='grc' dir='ltr'><em>εὶ</em></span> <span class='ocrx_word' id='word_1_110' title='bbox 1307 1361 1433 1418; x_wconf 87' lang='grc' dir='ltr'><em>ποτ’</em></span> <span class='ocrx_word' id='word_1_111' title='bbox 1486 1365 1646 1425; x_wconf 75' lang='grc' dir='ltr'><em>ἐστιν,</em></span> <span class='ocrx_word' id='word_1_112' title='bbox 1687 1357 1717 1413; x_wconf 86' lang='grc' dir='ltr'>ὁ</span> <span class='ocrx_word' id='word_1_113' title='bbox 1747 1378 1911 1432; x_wconf 68' lang='grc' dir='ltr'><em>σοφι-</em></span> 
     </span>
     <span class='ocr_line' id='line_1_15' title="bbox 225 1430 1911 1525; baseline -0.008 -18"><span class='ocrx_word' id='word_1_114' title='bbox 225 1470 373 1518; x_wconf 87' lang='grc' dir='ltr'><em>στης.</em></span> <span class='ocrx_word' id='word_1_115' title='bbox 416 1447 522 1525; x_wconf 82' lang='grc' dir='ltr'><em>ὅσα</em></span> <span class='ocrx_word' id='word_1_116' title='bbox 584 1448 634 1506; x_wconf 78' lang='grc' dir='ltr'><em>δ’</em></span> <span class='ocrx_word' id='word_1_117' title='bbox 686 1440 758 1504; x_wconf 79' lang='grc' dir='ltr'><em>αὖ</em></span> <span class='ocrx_word' id='word_1_118' title='bbox 802 1449 913 1504; x_wconf 80' lang='grc' dir='ltr'><em>τῶν</em></span> <span class='ocrx_word' id='word_1_119' title='bbox 952 1444 1206 1520; x_wconf 80' lang='grc' dir='ltr'><em>μεγαλων</em></span> <span class='ocrx_word' id='word_1_120' title='bbox 1248 1449 1327 1501; x_wconf 81' lang='grc' dir='ltr'><em>δεῖ</em></span> <span class='ocrx_word' id='word_1_121' title='bbox 1368 1430 1768 1501; x_wconf 71' lang='grc' dir='ltr'><em>διαπονεῖσθαι</em></span> <span class='ocrx_word' id='word_1_122' title='bbox 1810 1464 1911 1496; x_wconf 77' lang='grc' dir='ltr'><em>κα-</em></span> 
     </span>
     <span class='ocr_line' id='line_1_16' title="bbox 222 1520 1908 1609; baseline -0.007 -19"><span class='ocrx_word' id='word_1_123' title='bbox 222 1537 357 1602; x_wconf 83' lang='grc' dir='ltr'><em>λῶς,</em></span> <span class='ocrx_word' id='word_1_124' title='bbox 392 1536 524 1609; x_wconf 82' lang='grc' dir='ltr'><em>περὶ</em></span> <span class='ocrx_word' id='word_1_125' title='bbox 565 1535 676 1589; x_wconf 79' lang='grc' dir='ltr'><em>τῶν</em></span> <span class='ocrx_word' id='word_1_126' title='bbox 711 1529 983 1590; x_wconf 78' lang='grc' dir='ltr'><em>τοιούτων</em></span> <span class='ocrx_word' id='word_1_127' title='bbox 1025 1533 1276 1588; x_wconf 81' lang='grc' dir='ltr'><em>δέδοκται</em></span> <span class='ocrx_word' id='word_1_128' title='bbox 1314 1532 1454 1586; x_wconf 78' lang='grc' dir='ltr'><em>πᾶσι</em></span> <span class='ocrx_word' id='word_1_129' title='bbox 1493 1533 1586 1585; x_wconf 80' lang='grc' dir='ltr'><em>καὶ</em></span> <span class='ocrx_word' id='word_1_130' title='bbox 1627 1525 1804 1583; x_wconf 81' lang='grc' dir='ltr'><em>πάλαι</em></span> <span class='ocrx_word' id='word_1_131' title='bbox 1843 1520 1908 1580; x_wconf 83' lang='grc' dir='ltr'><em>τὸ</em></span> 
     </span>
    </p>
   </div>
   <div class='ocr_carea' id='block_1_3' title="bbox 224 1737 1912 1938">
    <p class='ocr_par' dir='ltr' id='par_1_4' title="bbox 224 1737 1912 1923">
     <span class='ocr_line' id='line_1_17' title="bbox 283 1737 1912 1823; baseline -0.004 -27"><span class='ocrx_word' id='word_1_132' title='bbox 283 1750 398 1810; x_wconf 77' lang='grc' dir='ltr'><em>μετ’</em></span> <span class='ocrx_word' id='word_1_133' title='bbox 444 1753 584 1823; x_wconf 74' lang='grc' dir='ltr'><em>ἐμου</em></span> <span class='ocrx_word' id='word_1_134' title='bbox 618 1769 710 1797; x_wconf 84' lang='grc' dir='ltr'><em>σοι</em></span> <span class='ocrx_word' id='word_1_135' title='bbox 746 1754 1099 1806; x_wconf 78' lang='grc' dir='ltr'><em>συσκεπτέον]</em></span> <span class='ocrx_word' id='word_1_136' title='bbox 1140 1752 1237 1797; x_wconf 83' lang='lat' dir='ltr'><strong>vat.</strong></span> <span class='ocrx_word' id='word_1_137' title='bbox 1271 1749 1482 1793; x_wconf 70' lang='grc' dir='ltr'><em>σκεπτέον.</em></span> <span class='ocrx_word' id='word_1_138' title='bbox 1514 1749 1638 1792; x_wconf 90' lang='lat' dir='ltr'><strong>male.</strong></span> <span class='ocrx_word' id='word_1_139' title='bbox 1670 1737 1743 1791; x_wconf 74' lang='lat' dir='ltr'><em>cfr.</em></span> <span class='ocrx_word' id='word_1_140' title='bbox 1772 1747 1912 1790; x_wconf 83' lang='lat' dir='ltr'><strong>Bastii</strong></span> 
     </span>
     <span class='ocr_line' id='line_1_18' title="bbox 224 1812 814 1880; baseline -0.009 -24"><span class='ocrx_word' id='word_1_141' title='bbox 224 1812 407 1869; x_wconf 87' lang='lat' dir='ltr'><strong>Epistol</strong></span> <span class='ocrx_word' id='word_1_142' title='bbox 436 1813 529 1856; x_wconf 86' lang='lat' dir='ltr'><strong>crit.</strong></span> <span class='ocrx_word' id='word_1_143' title='bbox 562 1827 605 1867; x_wconf 87' lang='lat' dir='ltr'><em>p.</em></span> <span class='ocrx_word' id='word_1_144' title='bbox 636 1815 719 1852; x_wconf 82' lang='grc'><em>164</em></span> <span class='ocrx_word' id='word_1_145' title='bbox 750 1823 814 1880; x_wconf 84' lang='lat' dir='ltr'><em>sq.</em></span> 
     </span>
     <span class='ocr_line' id='line_1_19' title="bbox 341 1863 1907 1938; baseline -0.003 -28"><span class='ocrx_word' id='word_1_146' title='bbox 341 1869 391 1910; x_wconf 92' lang='lat' dir='ltr'><em>C.</em></span> <span class='ocrx_word' id='word_1_147' title='bbox 452 1867 514 1910; x_wconf 79' lang='grc' dir='ltr'><em>ου’</em></span> <span class='ocrx_word' id='word_1_148' title='bbox 556 1885 611 1911; x_wconf 82' lang='grc' dir='ltr'><em>τε</em></span> <span class='ocrx_word' id='word_1_149' title='bbox 651 1863 789 1923; x_wconf 76' lang='grc' dir='ltr'><em>κάγὼ</em></span> <span class='ocrx_word' id='word_1_150' title='bbox 827 1863 1031 1911; x_wconf 78' lang='grc' dir='ltr'><em>τούτου</em></span> <span class='ocrx_word' id='word_1_151' title='bbox 1062 1864 1208 1938; x_wconf 79' lang='grc' dir='ltr'><em>πέρι]</em></span> <span class='ocrx_word' id='word_1_152' title='bbox 1250 1865 1510 1909; x_wconf 83' lang='lat' dir='ltr'><strong>Inseruimus</strong></span> <span class='ocrx_word' id='word_1_153' title='bbox 1547 1881 1595 1911; x_wconf 80' lang='grc' dir='ltr'><em>τε</em></span> <span class='ocrx_word' id='word_1_154' title='bbox 1631 1878 1685 1908; x_wconf 86' lang='lat' dir='ltr'><strong>ex</strong></span> <span class='ocrx_word' id='word_1_155' title='bbox 1722 1863 1838 1907; x_wconf 83' lang='lat' dir='ltr'><strong>Flor.</strong></span> <span class='ocrx_word' id='word_1_156' title='bbox 1882 1863 1907 1906; x_wconf 81' lang='lat' dir='ltr'><em>i.</em></span> 
     </span>
    </p>
   </div>
   <div class='ocr_carea' id='block_1_4' title="bbox 224 1921 1910 2157">
    <p class='ocr_par' dir='ltr' id='par_1_5' title="bbox 224 1921 1910 2156">
     <span class='ocr_line' id='line_1_20' title="bbox 224 1921 1301 1994; baseline -0.006 -24"><span class='ocrx_word' id='word_1_157' title='bbox 224 1926 333 1970; x_wconf 78' lang='grc' dir='ltr'><em>ΜΟΧ</em></span> <span class='ocrx_word' id='word_1_158' title='bbox 361 1925 490 1980; x_wconf 52' lang='lat' dir='ltr'><em>Vah,</em></span> <span class='ocrx_word' id='word_1_159' title='bbox 521 1931 636 1969; x_wconf 83' lang='lat' dir='ltr'><strong>teste</strong></span> <span class='ocrx_word' id='word_1_160' title='bbox 660 1926 832 1976; x_wconf 76' lang='lat' dir='ltr'><strong>Bastio,</strong></span> <span class='ocrx_word' id='word_1_161' title='bbox 863 1921 975 1994; x_wconf 65' lang='grc' dir='ltr'><em>παρ’</em></span> <span class='ocrx_word' id='word_1_162' title='bbox 1009 1921 1110 1980; x_wconf 82' lang='grc' dir='ltr'><em>ἧμῖν</em></span> <span class='ocrx_word' id='word_1_163' title='bbox 1138 1922 1301 1970; x_wconf 74' lang='grc' dir='ltr'><em>αὖτοῖς</em></span> 
     </span>
     <span class='ocr_line' id='line_1_21' title="bbox 337 1977 1910 2039; baseline -0.003 -14"><span class='ocrx_word' id='word_1_164' title='bbox 337 1982 499 2039; x_wconf 84' lang='grc' dir='ltr'><em>μόνον</em></span> <span class='ocrx_word' id='word_1_165' title='bbox 520 1980 1119 2037; x_wconf 78' lang='grc' dir='ltr'><em>συνομολογήσασθαι]</em></span> <span class='ocrx_word' id='word_1_166' title='bbox 1154 1979 1614 2023; x_wconf 79' lang='lat' dir='ltr'><strong>SicBodl.V·.1tVen.</strong></span> <span class='ocrx_word' id='word_1_167' title='bbox 1647 1977 1709 2019; x_wconf 89' lang='grc' dir='ltr'>Π</span> <span class='ocrx_word' id='word_1_168' title='bbox 1768 1978 1910 2031; x_wconf 76' lang='lat' dir='ltr'><strong>Vulgo</strong></span> 
     </span>
     <span class='ocr_line' id='line_1_22' title="bbox 224 2037 1909 2112; baseline -0.004 -30"><span class='ocrx_word' id='word_1_169' title='bbox 224 2042 632 2112; x_wconf 75' lang='grc' dir='ltr'><em>συνομολογτῖσθαι.</em></span> <span class='ocrx_word' id='word_1_170' title='bbox 647 2041 777 2082; x_wconf 86' lang='lat' dir='ltr'><strong>Coisl</strong></span> <span class='ocrx_word' id='word_1_171' title='bbox 797 2039 904 2082; x_wconf 85' lang='lat' dir='ltr'><strong>Ven</strong></span> <span class='ocrx_word' id='word_1_172' title='bbox 923 2040 980 2083; x_wconf 82' lang='lat' dir='ltr'><em>A.</em></span> <span class='ocrx_word' id='word_1_173' title='bbox 999 2039 1100 2081; x_wconf 83' lang='lat' dir='ltr'><em>Par.</em></span> <span class='ocrx_word' id='word_1_174' title='bbox 1118 2039 1247 2080; x_wconf 86' lang='lat' dir='ltr'><strong>BEF.</strong></span> <span class='ocrx_word' id='word_1_175' title='bbox 1259 2038 1493 2079; x_wconf 83' lang='lat' dir='ltr'><strong>Florentini</strong></span> <span class='ocrx_word' id='word_1_176' title='bbox 1505 2037 1909 2094; x_wconf 77' lang='grc' dir='ltr'><em>συνωμολογῆσθαι.</em></span> 
     </span>
     <span class='ocr_line' id='line_1_23' title="bbox 336 2091 1403 2157; baseline -0.006 -16"><span class='ocrx_word' id='word_1_177' title='bbox 336 2095 405 2141; x_wconf 76' lang='grc' dir='ltr'><em>ου’·</em></span> <span class='ocrx_word' id='word_1_178' title='bbox 431 2094 647 2142; x_wconf 80' lang='grc' dir='ltr'><em>πάντων</em></span> <span class='ocrx_word' id='word_1_179' title='bbox 675 2091 921 2157; x_wconf 79' lang='grc' dir='ltr'><em>ῥοῖστον]</em></span> <span class='ocrx_word' id='word_1_180' title='bbox 954 2095 1126 2144; x_wconf 76' lang='grc' dir='ltr'><em>πάντως</em></span> <span class='ocrx_word' id='word_1_181' title='bbox 1155 2096 1262 2140; x_wconf 84' lang='lat' dir='ltr'><strong>Ven.</strong></span> <span class='ocrx_word' id='word_1_182' title='bbox 1294 2097 1403 2136; x_wconf 86' lang='grc' dir='ltr'><em>ΣΥ.</em></span> 
     </span>
    </p>
   </div>
   <div class='ocr_carea' id='block_1_5' title="bbox 278 2224 1051 2304">
    <p class='ocr_par' dir='ltr' id='par_1_6' title="bbox 278 2224 1051 2304">
     <span class='ocr_line' id='line_1_24' title="bbox 278 2224 1051 2304; baseline -0.004 -24"><span class='ocrx_word' id='word_1_183' title='bbox 278 2255 347 2280; x_wconf 80' lang='grc' dir='ltr'><em>τοι</em></span> <span class='ocrx_word' id='word_1_184' title='bbox 414 2233 587 2281; x_wconf 82' lang='grc' dir='ltr'><em>πολλα</em></span> <span class='ocrx_word' id='word_1_185' title='bbox 657 2234 753 2281; x_wconf 84' lang='grc' dir='ltr'><em>ουκ</em></span> <span class='ocrx_word' id='word_1_186' title='bbox 817 2224 1051 2304; x_wconf 63' lang='grc' dir='ltr'><em>ἄηθες]</em></span> 
     </span>
    </p>
   </div>
   <div class='ocr_carea' id='block_1_6' title="bbox 224 2290 1026 2350">
    <p class='ocr_par' dir='ltr' id='par_1_7' title="bbox 224 2290 1026 2350">
     <span class='ocr_line' id='line_1_25' title="bbox 224 2290 1026 2350; baseline -0.006 -13"><span class='ocrx_word' id='word_1_187' title='bbox 224 2295 256 2337; x_wconf 91' lang='lat' dir='ltr'>S</span> <span class='ocrx_word' id='word_1_188' title='bbox 271 2301 288 2337; x_wconf 92' lang='lat' dir='ltr'><strong>t</strong></span> <span class='ocrx_word' id='word_1_189' title='bbox 302 2310 325 2338; x_wconf 86' lang='lat' dir='ltr'><strong>e</strong></span> <span class='ocrx_word' id='word_1_190' title='bbox 340 2295 542 2350; x_wconf 81' lang='lat' dir='ltr'><strong>phanus</strong></span> <span class='ocrx_word' id='word_1_191' title='bbox 572 2296 752 2350; x_wconf 85' lang='lat' dir='ltr'><strong>putabat</strong></span> <span class='ocrx_word' id='word_1_192' title='bbox 779 2292 834 2336; x_wconf 76' lang='grc' dir='ltr'><em>τὰ</em></span> <span class='ocrx_word' id='word_1_193' title='bbox 865 2290 1026 2347; x_wconf 75' lang='grc' dir='ltr'><em>πολλά,</em></span> 
     </span>
    </p>
   </div>
   <div class='ocr_carea' id='block_1_7' title="bbox 146 2348 1024 2407">
    <p class='ocr_par' dir='ltr' id='par_1_8' title="bbox 146 2348 1024 2407">
     <span class='ocr_line' id='line_1_26' title="bbox 146 2348 1024 2407; baseline -0.005 -13"><span class='ocrx_word' id='word_1_194' title='bbox 146 2352 150 2359; x_wconf 14' lang='grc' dir='ltr'>χ</span> <span class='ocrx_word' id='word_1_195' title='bbox 222 2359 453 2407; x_wconf 84' lang='lat' dir='ltr'><strong>propterea</strong></span> <span class='ocrx_word' id='word_1_196' title='bbox 493 2352 610 2406; x_wconf 90' lang='lat' dir='ltr'><strong>qnod</strong></span> <span class='ocrx_word' id='word_1_197' title='bbox 652 2357 903 2405; x_wconf 82' lang='lat' dir='ltr'><strong>sequeretur</strong></span> <span class='ocrx_word' id='word_1_198' title='bbox 945 2348 1024 2391; x_wconf 75' lang='grc' dir='ltr'><em>οὐκ</em></span> 
     </span>
    </p>
   </div>
   <div class='ocr_carea' id='block_1_8' title="bbox 220 2408 1024 2703">
    <p class='ocr_par' dir='ltr' id='par_1_9' title="bbox 220 2408 1024 2691">
     <span class='ocr_line' id='line_1_27' title="bbox 220 2408 1024 2463; baseline -0.001 -13"><span class='ocrx_word' id='word_1_199' title='bbox 220 2409 392 2463; x_wconf 78' lang='grc' dir='ltr'><em>ἄηθες,</em></span> <span class='ocrx_word' id='word_1_200' title='bbox 450 2408 652 2463; x_wconf 77' lang='lat' dir='ltr'><strong>explicari</strong></span> <span class='ocrx_word' id='word_1_201' title='bbox 711 2415 914 2462; x_wconf 85' lang='lat' dir='ltr'><strong>oportere</strong></span> <span class='ocrx_word' id='word_1_202' title='bbox 972 2409 1024 2449; x_wconf 88' lang='lat' dir='ltr'><em>in</em></span> 
     </span>
     <span class='ocr_line' id='line_1_28' title="bbox 221 2466 1024 2521; baseline -0.004 -12"><span class='ocrx_word' id='word_1_203' title='bbox 221 2468 526 2521; x_wconf 85' lang='lat' dir='ltr'><strong>plerisque,</strong></span> <span class='ocrx_word' id='word_1_204' title='bbox 567 2479 622 2507; x_wconf 90' lang='lat' dir='ltr'><strong>ne</strong></span> <span class='ocrx_word' id='word_1_205' title='bbox 667 2466 873 2508; x_wconf 82' lang='lat' dir='ltr'><strong>existeret</strong></span> <span class='ocrx_word' id='word_1_206' title='bbox 912 2467 1024 2507; x_wconf 82' lang='lat' dir='ltr'><strong>mala</strong></span> 
     </span>
     <span class='ocr_line' id='line_1_29' title="bbox 222 2522 1024 2574; baseline -0.002 -9"><span class='ocrx_word' id='word_1_207' title='bbox 222 2525 430 2566; x_wconf 81' lang='lat' dir='ltr'><strong>orationis</strong></span> <span class='ocrx_word' id='word_1_208' title='bbox 481 2522 771 2565; x_wconf 79' lang='lat' dir='ltr'><strong>redundantia.</strong></span> <span class='ocrx_word' id='word_1_209' title='bbox 838 2522 886 2563; x_wconf 93' lang='lat' dir='ltr'><em>In</em></span> <span class='ocrx_word' id='word_1_210' title='bbox 939 2534 1024 2574; x_wconf 91' lang='lat' dir='ltr'><em>quo</em></span> 
     </span>
     <span class='ocr_line' id='line_1_30' title="bbox 220 2580 1022 2632; baseline -0.004 -10"><span class='ocrx_word' id='word_1_211' title='bbox 220 2581 416 2623; x_wconf 78' lang='lat' dir='ltr'><strong>acumine</strong></span> <span class='ocrx_word' id='word_1_212' title='bbox 446 2592 524 2621; x_wconf 86' lang='lat' dir='ltr'><em>suo</em></span> <span class='ocrx_word' id='word_1_213' title='bbox 554 2580 710 2621; x_wconf 84' lang='lat' dir='ltr'><strong>abusus</strong></span> <span class='ocrx_word' id='word_1_214' title='bbox 729 2582 795 2620; x_wconf 88' lang='lat' dir='ltr'><strong>est</strong></span> <span class='ocrx_word' id='word_1_215' title='bbox 814 2580 878 2620; x_wconf 85' lang='lat' dir='ltr'><em>vir</em></span> <span class='ocrx_word' id='word_1_216' title='bbox 898 2591 1022 2632; x_wconf 83' lang='lat' dir='ltr'><strong>egre-</strong></span> 
     </span>
     <span class='ocr_line' id='line_1_31' title="bbox 220 2634 1021 2703; baseline -0.004 -25"><span class='ocrx_word' id='word_1_217' title='bbox 220 2639 327 2691; x_wconf 84' lang='lat' dir='ltr'><strong>gius</strong></span> <span class='ocrx_word' id='word_1_218' title='bbox 404 2637 515 2682; x_wconf 87' lang='lat' dir='ltr'><em>Nam</em></span> <span class='ocrx_word' id='word_1_219' title='bbox 561 2634 615 2678; x_wconf 80' lang='grc' dir='ltr'><em>τὰ</em></span> <span class='ocrx_word' id='word_1_220' title='bbox 664 2634 826 2703; x_wconf 41' lang='grc' dir='ltr'><em>πολλοὶ),</em></span> <span class='ocrx_word' id='word_1_221' title='bbox 875 2635 1021 2687; x_wconf 81' lang='lat' dir='ltr'><strong>fere,</strong></span> 
     </span>
    </p>
   </div>
   <div class='ocr_carea' id='block_1_9' title="bbox 219 2689 1056 2748">
    <p class='ocr_par' dir='ltr' id='par_1_10' title="bbox 219 2689 1056 2748">
     <span class='ocr_line' id='line_1_32' title="bbox 219 2689 1056 2748; baseline -0.007 -11"><span class='ocrx_word' id='word_1_222' title='bbox 219 2695 566 2748; x_wconf 84' lang='lat' dir='ltr'><strong>plerumque,</strong></span> <span class='ocrx_word' id='word_1_223' title='bbox 618 2706 715 2736; x_wconf 84' lang='lat' dir='ltr'><strong>eum</strong></span> <span class='ocrx_word' id='word_1_224' title='bbox 765 2689 846 2735; x_wconf 74' lang='grc' dir='ltr'><em>οὐκ</em></span> <span class='ocrx_word' id='word_1_225' title='bbox 886 2690 1056 2746; x_wconf 74' lang='grc' dir='ltr'><em>ἄηθες-</em></span> 
     </span>
    </p>
   </div>
   <div class='ocr_carea' id='block_1_10' title="bbox 207 2750 1024 3486">
    <p class='ocr_par' dir='ltr' id='par_1_11' title="bbox 218 2750 1024 3088">
     <span class='ocr_line' id='line_1_33' title="bbox 219 2750 1022 2806; baseline -0.002 -14"><span class='ocrx_word' id='word_1_226' title='bbox 219 2764 303 2792; x_wconf 90' lang='lat' dir='ltr'><em>non</em></span> <span class='ocrx_word' id='word_1_227' title='bbox 335 2753 458 2793; x_wconf 81' lang='lat' dir='ltr'><strong>aliter</strong></span> <span class='ocrx_word' id='word_1_228' title='bbox 485 2750 690 2806; x_wconf 83' lang='lat' dir='ltr'><strong>iungitur,</strong></span> <span class='ocrx_word' id='word_1_229' title='bbox 731 2763 858 2804; x_wconf 88' lang='lat' dir='ltr'><em>quam</em></span> <span class='ocrx_word' id='word_1_230' title='bbox 890 2751 925 2790; x_wconf 91' lang='lat' dir='ltr'><em>si</em></span> <span class='ocrx_word' id='word_1_231' title='bbox 956 2750 1022 2791; x_wconf 89' lang='lat' dir='ltr'><strong>di·—</strong></span> 
     </span>
     <span class='ocr_line' id='line_1_34' title="bbox 219 2808 1024 2861; baseline -0.001 -12"><span class='ocrx_word' id='word_1_232' title='bbox 219 2808 532 2850; x_wconf 85' lang='lat' dir='ltr'><strong>citur-Latine</strong></span> <span class='ocrx_word' id='word_1_233' title='bbox 584 2810 902 2861; x_wconf 88' lang='lat' dir='ltr'><strong>plerumque</strong></span> <span class='ocrx_word' id='word_1_234' title='bbox 941 2820 1024 2848; x_wconf 87' lang='lat' dir='ltr'><em>so-</em></span> 
     </span>
     <span class='ocr_line' id='line_1_35' title="bbox 219 2865 1024 2918; baseline -0.002 -12"><span class='ocrx_word' id='word_1_235' title='bbox 219 2868 311 2907; x_wconf 86' lang='lat' dir='ltr'><strong>let.</strong></span> <span class='ocrx_word' id='word_1_236' title='bbox 369 2866 419 2906; x_wconf 86' lang='lat' dir='ltr'><strong>ld</strong></span> <span class='ocrx_word' id='word_1_237' title='bbox 448 2865 563 2918; x_wconf 88' lang='lat' dir='ltr'><strong>quod</strong></span> <span class='ocrx_word' id='word_1_238' title='bbox 593 2870 712 2906; x_wconf 88' lang='lat' dir='ltr'><strong>recto</strong></span> <span class='ocrx_word' id='word_1_239' title='bbox 738 2865 893 2905; x_wconf 83' lang='lat' dir='ltr'><strong>iudicio</strong></span> <span class='ocrx_word' id='word_1_240' title='bbox 923 2877 1024 2917; x_wconf 80' lang='lat' dir='ltr'><strong>per-</strong></span> 
     </span>
     <span class='ocr_line' id='line_1_36' title="bbox 221 2920 1021 2975; baseline -0.003 -14"><span class='ocrx_word' id='word_1_241' title='bbox 221 2921 361 2975; x_wconf 82' lang='lat' dir='ltr'><strong>spexit</strong></span> <span class='ocrx_word' id='word_1_242' title='bbox 441 2922 478 2962; x_wconf 90' lang='lat' dir='ltr'><strong>F</strong></span> <span class='ocrx_word' id='word_1_243' title='bbox 502 2923 553 2964; x_wconf 86' lang='lat' dir='ltr'><em>is</em></span> <span class='ocrx_word' id='word_1_244' title='bbox 572 2936 596 2964; x_wconf 89' lang='lat' dir='ltr'><strong>c</strong></span> <span class='ocrx_word' id='word_1_245' title='bbox 611 2920 637 2962; x_wconf 80' lang='lat' dir='ltr'>h</span> <span class='ocrx_word' id='word_1_246' title='bbox 659 2935 683 2964; x_wconf 91' lang='lat' dir='ltr'><strong>e</strong></span> <span class='ocrx_word' id='word_1_247' title='bbox 706 2935 773 2963; x_wconf 86' lang='lat' dir='ltr'><em>ru</em></span> <span class='ocrx_word' id='word_1_248' title='bbox 794 2935 825 2962; x_wconf 85' lang='lat' dir='ltr'><em>s.</em></span> <span class='ocrx_word' id='word_1_249' title='bbox 910 2921 1021 2962; x_wconf 83' lang='lat' dir='ltr'><strong>conf.</strong></span> 
     </span>
     <span class='ocr_line' id='line_1_37' title="bbox 220 2978 1021 3023; baseline 0 -5"><span class='ocrx_word' id='word_1_250' title='bbox 220 2978 560 3021; x_wconf 82' lang='lat' dir='ltr'><strong>Schaeferus</strong></span> <span class='ocrx_word' id='word_1_251' title='bbox 606 2978 661 3020; x_wconf 82' lang='lat' dir='ltr'><strong>ad</strong></span> <span class='ocrx_word' id='word_1_252' title='bbox 708 2979 863 3023; x_wconf 82' lang='lat' dir='ltr'><strong>Lamb.</strong></span> <span class='ocrx_word' id='word_1_253' title='bbox 917 2978 1021 3019; x_wconf 81' lang='lat' dir='ltr'><strong>Bos.</strong></span> 
     </span>
     <span class='ocr_line' id='line_1_38' title="bbox 218 3035 812 3088; baseline 0 -13"><span class='ocrx_word' id='word_1_254' title='bbox 218 3035 367 3086; x_wconf 82' lang='lat' dir='ltr'><strong>Enips.</strong></span> <span class='ocrx_word' id='word_1_255' title='bbox 398 3049 438 3088; x_wconf 86' lang='lat' dir='ltr'><em>p.</em></span> <span class='ocrx_word' id='word_1_256' title='bbox 475 3041 557 3077; x_wconf 77' lang='grc'><em>427</em></span> <span class='ocrx_word' id='word_1_257' title='bbox 590 3049 652 3088; x_wconf 88' lang='lat' dir='ltr'><em>sq.</em></span> <span class='ocrx_word' id='word_1_258' title='bbox 810 3067 812 3069; x_wconf 22' lang='lat' dir='ltr'>v</span> 
     </span>
    </p>

    <p class='ocr_par' dir='ltr' id='par_1_12' title="bbox 207 3088 1024 3486">
     <span class='ocr_line' id='line_1_39' title="bbox 274 3088 1021 3158; baseline 0.001 -28"><span class='ocrx_word' id='word_1_259' title='bbox 274 3092 366 3134; x_wconf 81' lang='lat' dir='ltr'><em>C.</em></span> <span class='ocrx_word' id='word_1_260' title='bbox 385 3089 463 3146; x_wconf 74' lang='grc' dir='ltr'><em>ἐφ’</em></span> <span class='ocrx_word' id='word_1_261' title='bbox 499 3090 529 3146; x_wconf 83' lang='grc' dir='ltr'><em>ᾦ</em></span> <span class='ocrx_word' id='word_1_262' title='bbox 559 3090 868 3158; x_wconf 79' lang='grc' dir='ltr'><em>καλοῦμεν]</em></span> <span class='ocrx_word' id='word_1_263' title='bbox 909 3088 1021 3132; x_wconf 69' lang='grc' dir='ltr'><em>αὐτό</em></span> 
     </span>
     <span class='ocr_line' id='line_1_40' title="bbox 214 3146 1022 3205; baseline 0.004 -19"><span class='ocrx_word' id='word_1_264' title='bbox 214 3158 250 3189; x_wconf 76' lang='lat'><em>8.</em></span> <span class='ocrx_word' id='word_1_265' title='bbox 293 3147 426 3189; x_wconf 73' lang='grc' dir='ltr'><em>τοῦτο</em></span> <span class='ocrx_word' id='word_1_266' title='bbox 478 3148 548 3190; x_wconf 79' lang='grc' dir='ltr'><em>τὸ</em></span> <span class='ocrx_word' id='word_1_267' title='bbox 575 3146 735 3205; x_wconf 75' lang='grc' dir='ltr'><em>ὄνομα,</em></span> <span class='ocrx_word' id='word_1_268' title='bbox 789 3162 880 3190; x_wconf 80' lang='lat' dir='ltr'><em>res</em></span> <span class='ocrx_word' id='word_1_269' title='bbox 931 3148 1022 3189; x_wconf 79' lang='lat' dir='ltr'><em>cui</em></span> 
     </span>
     <span class='ocr_line' id='line_1_41' title="bbox 215 3202 1024 3260; baseline 0.004 -16"><span class='ocrx_word' id='word_1_270' title='bbox 215 3202 310 3244; x_wconf 84' lang='lat' dir='ltr'><em>hoc</em></span> <span class='ocrx_word' id='word_1_271' title='bbox 337 3217 527 3247; x_wconf 89' lang='lat' dir='ltr'><strong>nomen</strong></span> <span class='ocrx_word' id='word_1_272' title='bbox 554 3206 898 3260; x_wconf 83' lang='lat' dir='ltr'><strong>imponimus.</strong></span> <span class='ocrx_word' id='word_1_273' title='bbox 931 3205 1024 3247; x_wconf 82' lang='lat' dir='ltr'><em>No-</em></span> 
     </span>
     <span class='ocr_line' id='line_1_42' title="bbox 215 3260 1019 3315; baseline 0.001 -14"><span class='ocrx_word' id='word_1_274' title='bbox 215 3260 382 3301; x_wconf 76' lang='lat' dir='ltr'><em>tissima</em></span> <span class='ocrx_word' id='word_1_275' title='bbox 432 3267 498 3302; x_wconf 84' lang='lat' dir='ltr'><strong>est</strong></span> <span class='ocrx_word' id='word_1_276' title='bbox 546 3263 738 3315; x_wconf 84' lang='lat' dir='ltr'><strong>loquutio</strong></span> <span class='ocrx_word' id='word_1_277' title='bbox 787 3263 927 3303; x_wconf 77' lang='grc' dir='ltr'><em>καλεῖν</em></span> <span class='ocrx_word' id='word_1_278' title='bbox 984 3275 1019 3304; x_wconf 86' lang='lat' dir='ltr'><strong>s</strong></span> 
     </span>
     <span class='ocr_line' id='line_1_43' title="bbox 210 3312 1021 3373; baseline 0.002 -16"><span class='ocrx_word' id='word_1_279' title='bbox 210 3312 440 3373; x_wconf 47' lang='grc' dir='ltr'><em>ὀνομάζειν</em></span> <span class='ocrx_word' id='word_1_280' title='bbox 470 3319 540 3356; x_wconf 71' lang='grc' dir='ltr'><em>ἐπί</em></span> <span class='ocrx_word' id='word_1_281' title='bbox 570 3335 656 3358; x_wconf 76' lang='grc' dir='ltr'><em>τινι</em></span> <span class='ocrx_word' id='word_1_282' title='bbox 699 3317 865 3373; x_wconf 79' lang='grc' dir='ltr'><em>ὄνομα,</em></span> <span class='ocrx_word' id='word_1_283' title='bbox 903 3318 1021 3359; x_wconf 74' lang='lat' dir='ltr'><strong>cuius</strong></span> 
     </span>
     <span class='ocr_line' id='line_1_44' title="bbox 207 3373 1019 3427; baseline 0.004 -12"><span class='ocrx_word' id='word_1_284' title='bbox 207 3374 410 3426; x_wconf 75' lang='lat' dir='ltr'><strong>&#39;exempla</strong></span> <span class='ocrx_word' id='word_1_285' title='bbox 460 3373 652 3414; x_wconf 85' lang='lat' dir='ltr'><strong>dedimus</strong></span> <span class='ocrx_word' id='word_1_286' title='bbox 696 3375 749 3415; x_wconf 82' lang='lat' dir='ltr'><strong>ad</strong></span> <span class='ocrx_word' id='word_1_287' title='bbox 801 3376 1019 3427; x_wconf 83' lang='lat' dir='ltr'><strong>cratylum</strong></span> 
     </span>
     <span class='ocr_line' id='line_1_45' title="bbox 213 3428 1018 3486; baseline 0.001 -13"><span class='ocrx_word' id='word_1_288' title='bbox 213 3444 254 3484; x_wconf 86' lang='lat' dir='ltr'><em>p.</em></span> <span class='ocrx_word' id='word_1_289' title='bbox 307 3434 406 3472; x_wconf 78' lang='lat'><strong>³83.</strong></span> <span class='ocrx_word' id='word_1_290' title='bbox 454 3428 507 3475; x_wconf 87' lang='grc' dir='ltr'><em>Ε.</em></span> <span class='ocrx_word' id='word_1_291' title='bbox 576 3431 682 3472; x_wconf 83' lang='lat' dir='ltr'><em>Mox</em></span> <span class='ocrx_word' id='word_1_292' title='bbox 729 3444 806 3483; x_wconf 86' lang='lat' dir='ltr'><em>pro</em></span> <span class='ocrx_word' id='word_1_293' title='bbox 845 3431 1018 3486; x_wconf 76' lang='grc' dir='ltr'><em>μᾶλλον</em></span> 
     </span>
    </p>
   </div>
   <div class='ocr_carea' id='block_1_11' title="bbox 1105 2231 1911 2516">
    <p class='ocr_par' dir='ltr' id='par_1_13' title="bbox 1105 2231 1911 2516">
     <span class='ocr_line' id='line_1_46' title="bbox 1105 2231 1911 2288; baseline -0.001 -11"><span class='ocrx_word' id='word_1_294' title='bbox 1105 2231 1179 2277; x_wconf 69' lang='grc' dir='ltr'><em>διὰ</em></span> <span class='ocrx_word' id='word_1_295' title='bbox 1209 2231 1344 2288; x_wconf 76' lang='grc' dir='ltr'><em>λόγων</em></span> <span class='ocrx_word' id='word_1_296' title='bbox 1369 2232 1690 2288; x_wconf 78' lang='lat' dir='ltr'><strong>Stephanus</strong></span> <span class='ocrx_word' id='word_1_297' title='bbox 1721 2235 1911 2276; x_wconf 83' lang='lat' dir='ltr'><strong>scriben-</strong></span> 
     </span>
     <span class='ocr_line' id='line_1_47' title="bbox 1106 2289 1911 2345; baseline -0.007 -11"><span class='ocrx_word' id='word_1_298' title='bbox 1106 2294 1207 2334; x_wconf 89' lang='lat' dir='ltr'><strong>dum</strong></span> <span class='ocrx_word' id='word_1_299' title='bbox 1227 2293 1546 2345; x_wconf 80' lang='lat' dir='ltr'><strong>suspicabatur</strong></span> <span class='ocrx_word' id='word_1_300' title='bbox 1545 2291 1704 2333; x_wconf 77' lang='grc' dir='ltr'><em>ιιᾶλλον</em></span> <span class='ocrx_word' id='word_1_301' title='bbox 1733 2291 1805 2332; x_wconf 73' lang='grc' dir='ltr'><em>διὰ</em></span> <span class='ocrx_word' id='word_1_302' title='bbox 1836 2289 1911 2331; x_wconf 82' lang='grc' dir='ltr'><em>λό-</em></span> 
     </span>
     <span class='ocr_line' id='line_1_48' title="bbox 1107 2350 1911 2415; baseline 0.001 -26"><span class='ocrx_word' id='word_1_303' title='bbox 1107 2366 1212 2405; x_wconf 73' lang='grc' dir='ltr'><em>γου,</em></span> <span class='ocrx_word' id='word_1_304' title='bbox 1241 2350 1444 2415; x_wconf 88' lang='lat' dir='ltr'><strong>quoniam</strong></span> <span class='ocrx_word' id='word_1_305' title='bbox 1470 2351 1669 2391; x_wconf 87' lang='lat' dir='ltr'><strong>continuo</strong></span> <span class='ocrx_word' id='word_1_306' title='bbox 1706 2357 1911 2402; x_wconf 72' lang='lat' dir='ltr'><strong>sequere-</strong></span> 
     </span>
     <span class='ocr_line' id='line_1_49' title="bbox 1107 2402 1911 2460; baseline 0 -12"><span class='ocrx_word' id='word_1_307' title='bbox 1107 2414 1177 2448; x_wconf 88' lang='lat' dir='ltr'><em>tur</em></span> <span class='ocrx_word' id='word_1_308' title='bbox 1218 2408 1350 2460; x_wconf 67' lang='grc' dir='ltr'><em>χωρὶς</em></span> <span class='ocrx_word' id='word_1_309' title='bbox 1393 2402 1539 2459; x_wconf 78' lang='grc' dir='ltr'><em>λόγου.</em></span> <span class='ocrx_word' id='word_1_310' title='bbox 1598 2406 1690 2447; x_wconf 90' lang='lat' dir='ltr'><strong>Sed</strong></span> <span class='ocrx_word' id='word_1_311' title='bbox 1725 2407 1911 2459; x_wconf 87' lang='lat' dir='ltr'><strong>primum</strong></span> 
     </span>
     <span class='ocr_line' id='line_1_50' title="bbox 1107 2462 1908 2516; baseline -0.001 -12"><span class='ocrx_word' id='word_1_312' title='bbox 1107 2464 1280 2516; x_wconf 85' lang='lat' dir='ltr'><strong>quidem</strong></span> <span class='ocrx_word' id='word_1_313' title='bbox 1311 2464 1396 2504; x_wconf 83' lang='lat' dir='ltr'><strong>tale</strong></span> <span class='ocrx_word' id='word_1_314' title='bbox 1426 2462 1610 2503; x_wconf 87' lang='lat' dir='ltr'><strong>studium</strong></span> <span class='ocrx_word' id='word_1_315' title='bbox 1643 2462 1908 2504; x_wconf 82' lang='lat' dir='ltr'><strong>concinnita-</strong></span> 
     </span>
    </p>
   </div>
   <div class='ocr_carea' id='block_1_12' title="bbox 1106 2519 1988 2573">
    <p class='ocr_par' dir='ltr' id='par_1_14' title="bbox 1106 2519 1988 2573">
     <span class='ocr_line' id='line_1_51' title="bbox 1106 2519 1988 2573; baseline 0.001 -12"><span class='ocrx_word' id='word_1_316' title='bbox 1106 2522 1161 2561; x_wconf 84' lang='lat' dir='ltr'><em>tis</em></span> <span class='ocrx_word' id='word_1_317' title='bbox 1207 2533 1285 2573; x_wconf 85' lang='lat' dir='ltr'><strong>per</strong></span> <span class='ocrx_word' id='word_1_318' title='bbox 1336 2532 1383 2559; x_wconf 92' lang='lat' dir='ltr'><strong>se</strong></span> <span class='ocrx_word' id='word_1_319' title='bbox 1434 2519 1665 2560; x_wconf 84' lang='lat' dir='ltr'><strong>admodum</strong></span> <span class='ocrx_word' id='word_1_320' title='bbox 1713 2519 1909 2572; x_wconf 88' lang='lat' dir='ltr'><strong>putidum</strong></span> <span class='ocrx_word' id='word_1_321' title='bbox 1984 2534 1988 2536; x_wconf 64' lang='grc'><strong><em>’</em></strong></span> 
     </span>
    </p>
   </div>
   <div class='ocr_carea' id='block_1_13' title="bbox 1103 2575 1911 3451">
    <p class='ocr_par' dir='ltr' id='par_1_15' title="bbox 1103 2575 1911 3425">
     <span class='ocr_line' id='line_1_52' title="bbox 1107 2575 1908 2622; baseline 0 -4"><span class='ocrx_word' id='word_1_322' title='bbox 1107 2577 1241 2618; x_wconf 84' lang='lat' dir='ltr'><strong>foret:</strong></span> <span class='ocrx_word' id='word_1_323' title='bbox 1282 2575 1434 2617; x_wconf 79' lang='lat' dir='ltr'><strong>deinde</strong></span> <span class='ocrx_word' id='word_1_324' title='bbox 1472 2589 1547 2617; x_wconf 85' lang='lat' dir='ltr'><em>cur</em></span> <span class='ocrx_word' id='word_1_325' title='bbox 1572 2575 1773 2622; x_wconf 16' lang='lat' dir='ltr'><strong>&#39;secundo</strong></span> <span class='ocrx_word' id='word_1_326' title='bbox 1811 2578 1908 2618; x_wconf 86' lang='lat' dir='ltr'><strong>loco</strong></span> 
     </span>
     <span class='ocr_line' id='line_1_53' title="bbox 1107 2629 1910 2687; baseline 0 -13"><span class='ocrx_word' id='word_1_327' title='bbox 1107 2634 1271 2676; x_wconf 82' lang='lat' dir='ltr'><strong>dicatur</strong></span> <span class='ocrx_word' id='word_1_328' title='bbox 1308 2633 1439 2687; x_wconf 75' lang='grc' dir='ltr'><em>χωρὶς</em></span> <span class='ocrx_word' id='word_1_329' title='bbox 1478 2629 1637 2686; x_wconf 80' lang='grc' dir='ltr'><em>λόγου,</em></span> <span class='ocrx_word' id='word_1_330' title='bbox 1675 2645 1731 2675; x_wconf 81' lang='lat' dir='ltr'><strong>ne</strong></span> <span class='ocrx_word' id='word_1_331' title='bbox 1766 2631 1910 2675; x_wconf 79' lang='lat' dir='ltr'><strong>Fici-</strong></span> 
     </span>
     <span class='ocr_line' id='line_1_54' title="bbox 1107 2690 1910 2743; baseline 0.001 -11"><span class='ocrx_word' id='word_1_332' title='bbox 1107 2703 1226 2732; x_wconf 90' lang='lat' dir='ltr'><em>num</em></span> <span class='ocrx_word' id='word_1_333' title='bbox 1263 2690 1434 2743; x_wconf 87' lang='lat' dir='ltr'><strong>quidem</strong></span> <span class='ocrx_word' id='word_1_334' title='bbox 1482 2690 1626 2742; x_wconf 81' lang='lat' dir='ltr'><strong>latuit,</strong></span> <span class='ocrx_word' id='word_1_335' title='bbox 1673 2690 1744 2743; x_wconf 89' lang='lat' dir='ltr'><em>qui</em></span> <span class='ocrx_word' id='word_1_336' title='bbox 1783 2691 1910 2733; x_wconf 73' lang='lat' dir='ltr'><strong>vertit</strong></span> 
     </span>
     <span class='ocr_line' id='line_1_55' title="bbox 1109 2747 1910 2799; baseline 0 -11"><span class='ocrx_word' id='word_1_337' title='bbox 1109 2749 1230 2790; x_wconf 88' lang='lat' dir='ltr'><strong>sine</strong></span> <span class='ocrx_word' id='word_1_338' title='bbox 1257 2748 1509 2799; x_wconf 77' lang='lat' dir='ltr'><strong>ratione,</strong></span> <span class='ocrx_word' id='word_1_339' title='bbox 1558 2760 1655 2789; x_wconf 88' lang='lat' dir='ltr'><em>cum</em></span> <span class='ocrx_word' id='word_1_340' title='bbox 1684 2751 1810 2789; x_wconf 82' lang='lat' dir='ltr'><strong>antea</strong></span> <span class='ocrx_word' id='word_1_341' title='bbox 1844 2747 1910 2789; x_wconf 89' lang='lat' dir='ltr'><strong>di-</strong></span> 
     </span>
     <span class='ocr_line' id='line_1_56' title="bbox 1108 2804 1740 2848; baseline 0 -1"><span class='ocrx_word' id='word_1_342' title='bbox 1108 2806 1245 2848; x_wconf 86' lang='lat' dir='ltr'><strong>xisset</strong></span> <span class='ocrx_word' id='word_1_343' title='bbox 1270 2817 1383 2846; x_wconf 85' lang='lat' dir='ltr'><em>cum</em></span> <span class='ocrx_word' id='word_1_344' title='bbox 1405 2804 1740 2847; x_wconf 81' lang='lat' dir='ltr'><strong>rationibus.</strong></span> 
     </span>
     <span class='ocr_line' id='line_1_57' title="bbox 1166 2855 1908 2913; baseline -0.004 -9"><span class='ocrx_word' id='word_1_345' title='bbox 1166 2862 1422 2904; x_wconf 79' lang='grc' dir='ltr'><em>δέδοκται</em></span> <span class='ocrx_word' id='word_1_346' title='bbox 1451 2862 1586 2903; x_wconf 80' lang='grc' dir='ltr'><em>πᾶσι</em></span> <span class='ocrx_word' id='word_1_347' title='bbox 1606 2861 1696 2901; x_wconf 78' lang='grc' dir='ltr'><em>καὶ</em></span> <span class='ocrx_word' id='word_1_348' title='bbox 1715 2855 1908 2913; x_wconf 71' lang='grc' dir='ltr'><em>πάλαι]</em></span> 
     </span>
     <span class='ocr_line' id='line_1_58' title="bbox 1106 2916 1909 2961; baseline -0.001 -1"><span class='ocrx_word' id='word_1_349' title='bbox 1106 2919 1155 2961; x_wconf 93' lang='lat' dir='ltr'><em>In</em></span> <span class='ocrx_word' id='word_1_350' title='bbox 1197 2918 1258 2960; x_wconf 85' lang='lat' dir='ltr'><em>his</em></span> <span class='ocrx_word' id='word_1_351' title='bbox 1297 2919 1370 2958; x_wconf 73' lang='grc' dir='ltr'><em>καί</em></span> <span class='ocrx_word' id='word_1_352' title='bbox 1404 2923 1503 2960; x_wconf 85' lang='lat' dir='ltr'><strong>ante</strong></span> <span class='ocrx_word' id='word_1_353' title='bbox 1548 2916 1684 2959; x_wconf 76' lang='grc' dir='ltr'><em>πάλαι</em></span> <span class='ocrx_word' id='word_1_354' title='bbox 1719 2930 1804 2959; x_wconf 90' lang='lat' dir='ltr'><em>non</em></span> <span class='ocrx_word' id='word_1_355' title='bbox 1834 2931 1909 2959; x_wconf 86' lang='lat' dir='ltr'><em>co-</em></span> 
     </span>
     <span class='ocr_line' id='line_1_59' title="bbox 1107 2972 1911 3031; baseline -0.001 -15"><span class='ocrx_word' id='word_1_356' title='bbox 1107 2977 1232 3031; x_wconf 86' lang='lat' dir='ltr'><strong>pulae</strong></span> <span class='ocrx_word' id='word_1_357' title='bbox 1254 2988 1427 3017; x_wconf 85' lang='lat' dir='ltr'><strong>munere</strong></span> <span class='ocrx_word' id='word_1_358' title='bbox 1450 2975 1651 3028; x_wconf 79' lang='lat' dir='ltr'><strong>fungitur,</strong></span> <span class='ocrx_word' id='word_1_359' title='bbox 1686 2975 1763 3016; x_wconf 86' lang='lat' dir='ltr'><em>sed</em></span> <span class='ocrx_word' id='word_1_360' title='bbox 1783 2972 1911 3016; x_wconf 82' lang='lat' dir='ltr'><strong>habet</strong></span> 
     </span>
     <span class='ocr_line' id='line_1_60' title="bbox 1106 3029 1910 3084; baseline -0.005 -8"><span class='ocrx_word' id='word_1_361' title='bbox 1106 3035 1191 3076; x_wconf 87' lang='lat' dir='ltr'><em>vim</em></span> <span class='ocrx_word' id='word_1_362' title='bbox 1223 3033 1489 3084; x_wconf 83' lang='lat' dir='ltr'><strong>intendendi,</strong></span> <span class='ocrx_word' id='word_1_363' title='bbox 1522 3037 1568 3073; x_wconf 91' lang='lat' dir='ltr'><em>ut</em></span> <span class='ocrx_word' id='word_1_364' title='bbox 1596 3031 1666 3071; x_wconf 77' lang='grc' dir='ltr'><em>καὶ</em></span> <span class='ocrx_word' id='word_1_365' title='bbox 1694 3029 1825 3071; x_wconf 74' lang='grc' dir='ltr'><em>πάλαι</em></span> <span class='ocrx_word' id='word_1_366' title='bbox 1854 3032 1910 3072; x_wconf 88' lang='lat' dir='ltr'><em>sit</em></span> 
     </span>
     <span class='ocr_line' id='line_1_61' title="bbox 1106 3086 1905 3143; baseline -0.004 -10"><span class='ocrx_word' id='word_1_367' title='bbox 1106 3092 1212 3133; x_wconf 86' lang='lat' dir='ltr'><em>iam</em></span> <span class='ocrx_word' id='word_1_368' title='bbox 1251 3089 1472 3141; x_wconf 80' lang='lat' dir='ltr'><strong>dudum,</strong></span> <span class='ocrx_word' id='word_1_369' title='bbox 1516 3094 1563 3130; x_wconf 89' lang='lat' dir='ltr'><em>ut</em></span> <span class='ocrx_word' id='word_1_370' title='bbox 1601 3088 1727 3143; x_wconf 87' lang='lat' dir='ltr'><strong>Reip.</strong></span> <span class='ocrx_word' id='word_1_371' title='bbox 1759 3086 1829 3131; x_wconf 84' lang='lat' dir='ltr'><em>VI.</em></span> <span class='ocrx_word' id='word_1_372' title='bbox 1863 3102 1905 3141; x_wconf 88' lang='lat' dir='ltr'><em>p.</em></span> 
     </span>
     <span class='ocr_line' id='line_1_62' title="bbox 1107 3145 1903 3195; baseline 0 -7"><span class='ocrx_word' id='word_1_373' title='bbox 1107 3153 1203 3191; x_wconf 84' lang='grc'><em>506.</em></span> <span class='ocrx_word' id='word_1_374' title='bbox 1236 3146 1292 3188; x_wconf 87' lang='grc' dir='ltr'><em>Β.</em></span> <span class='ocrx_word' id='word_1_375' title='bbox 1322 3146 1546 3189; x_wconf 83' lang='lat' dir='ltr'><strong>Lucian.</strong></span> <span class='ocrx_word' id='word_1_376' title='bbox 1580 3145 1739 3187; x_wconf 81' lang='lat' dir='ltr'><strong>Toxar.</strong></span> <span class='ocrx_word' id='word_1_377' title='bbox 1772 3145 1810 3195; x_wconf 87' lang='lat'><em>§.</em></span> <span class='ocrx_word' id='word_1_378' title='bbox 1837 3147 1903 3188; x_wconf 86' lang='grc'><em>16.</em></span> 
     </span>
     <span class='ocr_line' id='line_1_63' title="bbox 1107 3200 1907 3255; baseline -0.004 -10"><span class='ocrx_word' id='word_1_379' title='bbox 1107 3205 1178 3246; x_wconf 76' lang='grc' dir='ltr'><em>καὶ</em></span> <span class='ocrx_word' id='word_1_380' title='bbox 1225 3200 1374 3251; x_wconf 41' lang='grc' dir='ltr'><em>πάλαι,</em></span> <span class='ocrx_word' id='word_1_381' title='bbox 1406 3201 1577 3255; x_wconf 81' lang='grc' dir='ltr'><em>εἰδότα,</em></span> <span class='ocrx_word' id='word_1_382' title='bbox 1635 3201 1706 3243; x_wconf 77' lang='lat' dir='ltr'><em>ubi</em></span> <span class='ocrx_word' id='word_1_383' title='bbox 1751 3200 1907 3242; x_wconf 71' lang='lat' dir='ltr'><strong>frustra</strong></span> 
     </span>
     <span class='ocr_line' id='line_1_64' title="bbox 1107 3257 1904 3314; baseline -0.005 -11"><span class='ocrx_word' id='word_1_384' title='bbox 1107 3263 1186 3303; x_wconf 85' lang='lat' dir='ltr'><strong>fuit</strong></span> <span class='ocrx_word' id='word_1_385' title='bbox 1213 3261 1282 3314; x_wconf 89' lang='lat' dir='ltr'><em>qui</em></span> <span class='ocrx_word' id='word_1_386' title='bbox 1312 3257 1377 3298; x_wconf 71' lang='grc' dir='ltr'><em>ἀεὶ</em></span> <span class='ocrx_word' id='word_1_387' title='bbox 1407 3260 1475 3299; x_wconf 68' lang='grc' dir='ltr'><em>καὶ</em></span> <span class='ocrx_word' id='word_1_388' title='bbox 1505 3257 1639 3300; x_wconf 80' lang='grc' dir='ltr'><em>πάλαι</em></span> <span class='ocrx_word' id='word_1_389' title='bbox 1659 3257 1904 3301; x_wconf 84' lang='lat' dir='ltr'><strong>coniiceret</strong></span> 
     </span>
     <span class='ocr_line' id='line_1_65' title="bbox 1107 3315 1906 3371; baseline -0.006 -11.994"><span class='ocrx_word' id='word_1_390' title='bbox 1107 3319 1196 3360; x_wconf 86' lang='lat' dir='ltr'><em>Sed</em></span> <span class='ocrx_word' id='word_1_391' title='bbox 1253 3318 1525 3383; x_wconf 68' lang='lat' dir='ltr'><strong>pervulgatus</strong></span> <span class='ocrx_word' id='word_1_392' title='bbox 1586 3315 1651 3355; x_wconf 81' lang='lat' dir='ltr'><em>hic</em></span> <span class='ocrx_word' id='word_1_393' title='bbox 1709 3315 1906 3366; x_wconf 84' lang='lat' dir='ltr'><strong>loquendi</strong></span> 
     </span>
     <span class='ocr_line' id='line_1_66' title="bbox 1103 3371 1905 3451; baseline -0.006 -34"><span class='ocrx_word' id='word_1_394' title='bbox 1103 3388 1205 3417; x_wconf 84' lang='lat' dir='ltr'><strong>usus</strong></span> <span class='ocrx_word' id='word_1_395' title='bbox 1237 3380 1325 3423; x_wconf 85' lang='lat' dir='ltr'><strong>est,</strong></span> <span class='ocrx_word' id='word_1_396' title='bbox 1368 3379 1415 3414; x_wconf 89' lang='lat' dir='ltr'><em>ut</em></span> <span class='ocrx_word' id='word_1_397' title='bbox 1445 3375 1513 3416; x_wconf 78' lang='lat' dir='ltr'><em>vix</em></span> <span class='ocrx_word' id='word_1_398' title='bbox 1542 3371 1727 3425; x_wconf 81' lang='lat' dir='ltr'><em>requirat</em></span> <span class='ocrx_word' id='word_1_399' title='bbox 1755 3371 1905 3451; x_wconf 81' lang='lat' dir='ltr'><strong>admo-</strong></span> 
     </span>
    </p>
   </div>
   <div class='ocr_carea' id='block_1_14' title="bbox 1103 3434 1321 3475">
    <p class='ocr_par' dir='ltr' id='par_1_16' title="bbox 1103 3434 1321 3475">
     <span class='ocr_line' id='line_1_67' title="bbox 1103 3434 1321 3475; baseline -0.01 0"><span class='ocrx_word' id='word_1_400' title='bbox 1103 3434 1321 3475; x_wconf 69' lang='lat' dir='ltr'><em>ustionem,</em></span> 
     </span>
    </p>
   </div>
  </div>
 </body>
</html>
