2028 3750
245 196 376 276 222<
881 199 1298 252 marronis

245 337 316 397 τὰ
355 339 488 398 ⁴’aar
548 338 724 415 ἀρχὰς
779 343 1081 414 λεχθέντα,
1145 344 1335 400 πᾶσαν
1393 345 1606 421 ἔφαμεν
1645 348 1786 407 εἶναι
1829 349 1927 408 δύ-

245 445 432 498 ναμιν,
469 422 590 493 ἥτις
631 423 706 481 ἂν
748 430 902 481 αἰτία
940 431 1195 496 γίγνηται
1236 436 1355 494 τοῖς
1393 427 1470 502 μὴ
1513 431 1789 510 πρότερον
1833 428 1928 492 οὗ·

246 528 334 565 σιν
375 507 606 579 ὕστερον
645 513 732 578 γίγ
720 513 959 566 vsofiffcco

378 594 580 648 ΘΕΑΙ.
666 593 1047 664 ,Μεμνήμεθωι

371 672 485 738 ΞΕ.
569 678 730 731 Ζῶα
754 675 820 744 ὃν]
865 675 1052 733 πάντα
1097 674 1294 746 θνητὰ
1339 681 1432 735 καὶ
1473 677 1657 753 φυτά,
1713 679 1820 738 ὅσα
1863 703 1896 737 τ

245 762 332 815 ἐπὶ
388 763 502 831 γῆς
543 766 599 816 ἐκ
667 759 991 832 σπερμάτων
1045 766 1136 818 καὶ
1195 760 1358 835 ῥιζῶν
1412 766 1610 838 φύεται
1667 769 1761 821 καὶ
1820 763 1925 822 ὅσοι

245 842 437 918 ἄψυχα
483 851 540 898 ὲν
584 847 651 920 γῆ
692 845 1008 911 ξυιίσταται
1060 846 1288 915 σώματα
1341 845 1512 914 τηκτὰ
1557 851 1651 902 καὶ
1690 847 1921 917 ἅτηκτα,

242 932 361 1000 μῶν
418 925 590 983 ἄλλου
647 925 797 993 τινὸς
850 929 884 997 ἢ
946 933 1091 984 θεοῦ
1149 933 1616 1001 δημιουργοῦντος
1670 932 1924 1008 φήσομεν

242 1009 474 1084 ὕστερον
528 1015 823 1082 γίγνεσθαι
879 1013 1155 1086 πρότερον
1211 1012 1312 1069 οὐκ
1366 1036 1542 1086 οντα,
1600 1019 1758 1087 ητῷ
1812 1019 1923 1074 τῶν

244 1099 464 1152 πολλῶν
505 1094 737 1168 δόγματι
773 1099 866 1152 καὶ
907 1095 1114 1171 ῥηματι
1148 1097 1427 1170 χρώμενοι
1480 1130 1552 1141 —

299 1181 580 1236 ...OEAL
661 1184 855 1250 Ποίῳς

366 1260 479 1326 ΞΕ
571 1265 660 1333 Τῷ
705 1261 808 1332 τὴν
849 1260 1018 1340 φύσιν
1056 1260 1200 1319 αὐτοὶ
1247 1266 1451 1336 γεννᾶν
1490 1261 1606 1320 ἀπό
1640 1286 1796 1332 τινος
1836 1272 1925 1323 αὶ-

241 1349 364 1412 τίας
407 1345 729 1419 αὐτομάτης
770 1350 863 1403 καὶ
906 1343 1038 1402 ἄνευ
1083 1351 1336 1413 διανοίας
1380 1347 1657 1424 φυούσης,
1712 1373 1745 1418 η
1780 1348 1919 1421 μετὰ

242 1430 410 1502 λόγου
454 1452 511 1486 τε
551 1433 643 1486 καὶ
686 1427 984 1501 ἐπιστημης
1029 1434 1194 1495 θείας
1235 1428 1349 1487 ἀπὸ
1395 1435 1542 1487 θεοῦ
1569 1438 1922 1506 γιγνομένηςς

370 1516 573 1578 ΘΕΑΙ.
654 1511 783 1586 Ἐ9ὠ
821 1518 922 1585 μὲν
967 1514 1090 1579 ἴσως
1132 1510 1225 1570 διὰ
1267 1511 1372 1583 τὴν
1414 1512 1627 1583 ἡλικίαν
1661 1517 1925 1583 πολλάκις

239 1597 533 1674 ἀμφότερα
591 1597 968 1669 μεταδοξάζω·
1025 1601 1128 1654 νῦν
1184 1594 1298 1670 μὴν
1345 1600 1558 1671 βλέπων
1614 1604 1688 1664 εἰς
1731 1603 1790 1657 σὲ
1831 1604 1924 1658 καὶ

238 1681 651 1755 ὑπολαμβάνων
705 1683 933 1739 οἴεσθαί.
974 1701 1032 1737 σε
1077 1681 1221 1737 κατά
1267 1703 1325 1753 γε
1370 1679 1516 1738 θεὸν
1557 1680 1705 1738 αὐτὰ
1749 1688 1924 1756 γίγνε-

238 1770 416 1836 σθαι,
463 1763 636 1844 ταύτῃ
678 1770 771 1822 καὶ
814 1762 987 1831 αὐτὸς
1029 1765 1308 1839 νενόμικα.

351 2004 405 2047 D.
470 2007 564 2044 νῦν
599 1997 705 2068 μὴν
743 1999 951 2053 βλέπων
987 2001 1057 2048 εἰς
1095 2000 1169 2056 σὲ]
1211 1999 1919 2043 Bod1.Vat.Cois1.Ven.112.

235 2063 329 2114 alii,
367 2059 426 2116 μή
468 2074 546 2114 pro
590 2056 690 2112 μήν.
761 2057 850 2099 Sed
890 2058 997 2100 Ven.
1034 2057 1093 2099 Π.
1133 2072 1242 2100 corr.
1283 2074 1330 2113 γε
1363 2057 1461 2112 μήν.
1518 2058 1629 2099 Dein
1663 2063 1767 2100 vett.
1801 2059 1922 2102 editt.

231 2115 547 2175 υπολαηβάνω,
589 2114 705 2169 quod
745 2128 798 2156 ex
828 2115 953 2156 codd.
989 2116 1184 2157 Platonis
1224 2121 1268 2157 et
1298 2116 1421 2157 Stob.
1454 2115 1743 2193 emendatum.
1800 2117 1921 2159 Unus

232 2177 334 2220 Par.
361 2176 415 2219 Ε.
445 2188 508 2231 pr.
538 2187 595 2216 m.
626 2173 844 2226 vulgatam
869 2172 1100 2215 lectionem
1128 2177 1257 2215 tenet.

1121 2341 1250 2385 davit.
1318 2340 1411 2383 Iam
1450 2338 1513 2381 his
1556 2339 1760 2382 absolutis
1798 2352 1921 2382 resn-

1120 2401 1199 2442 mit
1239 2399 1378 2441 denuo
1417 2398 1604 2452 priorem
1645 2397 1757 2438 illam
1790 2398 1920 2438 inter-

1118 2458 1414 2510 rogationem,
1454 2454 1708 2507 subiungens
1747 2465 1918 2495 rursus.
1953 2464 1955 2466 ’

1121 2513 1147 2566 ἢ
1177 2512 1285 2568 μετὰ
1317 2510 1524 2565 λόγου-
1547 2513 1817 2565 γιγιοιιένηςς
1870 2510 1919 2553 In

1117 2583 1203 2623 quo
1233 2581 1359 2611 nemo
1391 2568 1471 2610 erit
1486 2567 1628 2621 quin
1603 2572 1766 2609 “ratam
1785 2580 1919 2620 quan-

1119 2626 1219 2668 dam
1237 2630 1445 2679 agnoscat
1461 2624 1671 2667 sermonis
1691 2623 1920 2678 quotidiani

233 2349 448 2398 κτητικῆς.
518 2343 716 2385 Pertinet
772 2347 916 2384 autem
972 2341 1038 2384 hic

233 2403 443 2456 genitivus
485 2401 539 2442 ad
579 2401 720 2442 omnia
762 2401 931 2442 nomina
960 2413 1037 2441 an-

234 2465 456 2529 tegressa‚
503 2469 586 2498 non
617 2456 670 2498 ad
701 2458 838 2498 solum
867 2457 1032 2497 εἴδεσιν.

291 2517 345 2557 Β.
413 2512 535 2568 ἥτις
573 2528 636 2553 αν
674 2514 822 2554 αἰτία
858 2514 1034 2567 γίγνη-

232 2589 326 2617 ται
356 2593 411 2602 -
442 2569 766 2626 γίγνεσθαι]
796 2569 862 2612 Ne
894 2570 1035 2624 requi—

232 2644 305 2673 ras
334 2633 414 2670 τοῦ
444 2630 686 2683 γίγνεσθαι,
717 2639 802 2668 ιιοιι
821 2639 916 2668 raro
935 2631 1036 2681 post

234 2687 352 2728 αἰτία
403 2686 585 2740 simplex
629 2683 856 2725 infinitivus
904 2683 1033 2726 infer-

230 2749 313 2787 tur.
344 2757 384 2785 v.
418 2743 471 2785 ad
500 2741 720 2784 Phaedon.
750 2753 791 2795 p.
814 2745 881 2783 97.
905 2741 957 2782 Α.
990 2745 1035 2784 et

231 2802 432 2856 Sympos.
462 2814 503 2854 p.
535 2803 633 2840 207.
661 2796 714 2839 Β.

292 2858 342 2900 C.
400 2857 427 2911 ἢ
467 2873 533 2897 Τίῑ)
574 2860 674 2897 Τῶν
703 2854 909 2897 πολλῶν
938 2851 1033 2898 δῦ·

229 2930 404 2970 γμ-ιιτι
430 2937 489 2945 -
509 2898 792 2969 χρώμενοι
821 2911 903 2968 -]
960 2912 1033 2954 In-

228 2977 423 3027 terrupta
451 2971 588 3013 oratio
619 2975 687 3013 est
715 2969 941 3012 Theaeteti
967 2968 1032 3010 in-

229 3030 519 3084 terrogatione
563 3029 646 3069 ista
676 3028 810 3068 flolw.
874 3027 949 3068 Cu
954 3039 1031 3067 us·

228 3085 346 3127 modi
396 3086 591 3138 exempla
632 3088 729 3126 sunt
771 3079 945 3125 Menon.
987 3098 1029 3136 p.

230 3146 298 3185 81.
337 3143 390 3183 Α.
431 3141 648 3196 DeRep.
683 3140 811 3196 X..p
845 3144 940 3181 609.
975 3138 1030 3183 D.

226 3198 399 3242 Politic.
437 3213 478 3254 p.
507 3203 605 3243 277.
631 3197 685 3242 E.
715 3199 769 3241 al.
826 3198 1030 3240 Dicturus

227 3259 324 3298 erat
352 3255 442 3298 fere
471 3257 556 3298 sic.
593 3254 808 3313 χρώμενοι
837 3253 1031 3312 φήσομεν

227 3311 310 3363 ’τὴν
340 3311 468 3364 φύσιν
498 3312 610 3353 αὐτὰ
652 3317 807 3366 γενιᾶν
844 3329 879 3354 κ.
912 3329 950 3353 τ.
988 3313 1026 3353 λ.

228 3367 352 3411 Nunc
393 3370 753 3412 constructionem
800 3370 1029 3412 veiborum

230 3425 415 3470 sermoni
445 3425 748 3481 interpellantis
779 3439 1029 3470 accommo-

1117 2676 1412 2726 imitationem.
1461 2711 1463 2713 -

1172 2797 1227 2840 D.
1296 2794 1430 2851 μετὰ
1478 2797 1723 2842 πειθοῦς
1760 2792 1920 2850 ἄναγ-

1115 2850 1302 2910 καίας]
1347 2854 1408 2897 H.
1449 2868 1486 2897 e.
1529 2851 1773 2895 adhibita
1805 2865 1920 2906 per—-

1116 2911 1391 2954 suadendi
1420 2909 1788 2960 necessitate,
1831 2909 1921 2952 sive

1117 2983 1170 3012 ea
1196 2967 1405 3024 probandi
1433 2969 1622 3035 ratione,
1652 2979 1735 3020 qua
1763 2965 1818 3007 ad
1848 2979 1919 3008 as-

1116 3027 1358 3069 sensionem
1402 3025 1583 3079 cogaris.
1640 3023 1715 3064 Sic
1755 3019 1918 3090 ἀνάγκη

1115 3082 1296 3126 Theaet.
1329 3097 1370 3138 p.
1396 3085 1490 3125 162.
1519 3081 1571 3124 Ε.
1603 3083 1784 3123 vocatur
1812 3078 1918 3122 evi-

1115 3141 1250 3183 dens
1298 3140 1542 3183 alicuius
1598 3138 1676 3180 rei
1721 3137 1917 3190 proba-

1113 3198 1210 3251 tio,
1238 3201 1283 3239 et
1310 3194 1555 3252 ἀναγκάζειν
1573 3194 1732 3238 ibidem
1752 3206 1794 3248 p.
1819 3196 1913 3234 153.

1114 3255 1164 3296 C.
1197 3255 1391 3296 similiter
1421 3259 1658 3307 usurpatur.
1718 3249 1915 3292 Activum

1111 3323 1215 3354 vero
1237 3324 1362 3353 usum
1382 3323 1476 3353 voc.
1505 3309 1732 3364 ἀναγκαῖος
1759 3319 1813 3348 ne
1831 3306 1915 3348 mi-

1111 3369 1246 3420 reris,
1279 3367 1460 3438 praeivit
1498 3379 1598 3411 eum
1635 3365 1914 3408 Homerus

1113 3425 1272 3483 Odyss.
1308 3424 1347 3483 ῤ.
1377 3438 1418 3470 v.
1449 3429 1545 3468 399.
1592 3420 1646 3472 ὃς
1673 3419 1753 3464 τὸν
1783 3421 1917 3469 ξεῖνον
