2028 3750
710 172 1131 243 sorffls'rA.
1307 168 1311 172 ’
1694 189 1765 240 75

214 332 329 399 ΞΕ.
411 338 530 393 Καὶ
584 337 686 391 τοῦ
728 338 941 403 πτηιοῦ
966 337 1085 406 μὲν
1124 339 1315 406 γένους
1354 337 1510 390 πᾶσα
1546 332 1691 405 ἡμῖν
1729 330 1764 401 ἡ

88 421 254 496 θήρα
296 425 507 491 λέ1εταί
548 417 656 476 πού
703 441 786 484 τις
827 418 1206 519 ὀρνιιῖευτικη.

219 507 430 561 ΘΕΑΙ.
467 505 741 573 Λέγεται
783 500 889 576 γὰρ
934 495 1052 560 οὖν.

217 585 332 652 ΞΕ
422 590 535 643 Τοῦ
565 590 621 642 δὲ
645 586 880 662 ἐνύδρου
908 584 1099 660 σχεδὸν
1129 583 1192 642 τὸ
1224 582 1456 642 σύνολον
1480 581 1771 652 ἁλιευτική.

221 674 428 729 ΘΕΛΙ.
514 674 649 727 Ναί.

221 752 336 819 ΞΕ.
426 745 494 810 Τί
530 759 616 823 ὃὲς
659 752 870 822 ταύτην
913 744 987 808 αὖ
1032 749 1131 821 τὴν
1173 751 1370 829 θήραν
1413 744 1508 828 ἆρ’
1558 751 1660 808 οὐκ
1699 748 1772 808 ἂν

93 838 236 896 κατὰ
279 845 502 911 μέγιστα
543 847 678 910 μέρη
721 837 816 894 δύο
862 840 1174 910 «insanium,-

218 925 424 980 ΘΕΑΙ.
506 920 674 977 Κατὰ
710 930 879 991 nola,-

219 1004 334 1069 ΞΕ.
418 1005 589 1060 Καθ’

653 1003 690 1060 ἃ
751 1002 815 1061 τὸ
871 1006 974 1076 μὲν
1029 1009 1236 1076 ἕρκεσιν
1279 1002 1495 1061 αὐτόθι
1535 1011 1791 1062 ποιεῖται,

93 1087 200 1159 τὴν
237 1092 461 1162 θήραν,
503 1086 567 1144 τὸ
613 1091 670 1144 δὲ
711 1092 908 1165 πληγῇ.

226 1175 431 1233 ΘΕΑΙ.
512 1175 651 1239 Πῶς
704 1175 901 1245 λέγεις,
952 1173 1047 1229 καὶ
1096 1172 1184 1249 ’πῇ
1230 1171 1612 1247 διαιρούμενος
1642 1170 1780 1229 ’ἑκά-

95 1279 292 1335 τερονς
331 1288 333 1290 ·

98 1481 175 1524 lux
210 1477 831 1525 vn.139.Restituendum
875 1476 984 1519 vidit
1018 1474 1245 1519 Fischerus
1289 1488 1346 1524 ex
1373 1476 1580 1533 Stobaeo,
1611 1481 1682 1531 ubi
1711 1486 1778 1526 est

101 1535 425 1608 ορνεοθευτικη.
455 1536 572 1579 vett.
611 1536 732 1577 editt.
763 1532 1190 1603 ὄριιθοθηρευτική.

94 1621 101 1625 -
142 1624 155 1664 ι’,
215 1596 350 1636 κατὰ
383 1597 619 1649 μέγιστα
649 1593 814 1648 μέρη]
848 1592 970 1634 Stob.
1002 1592 1112 1631 κατὰ
1140 1607 1194 1632 τα
1226 1594 1415 1647 μέγιστα.
1449 1593 1578 1636 Coisl.
1610 1609 1696 1637 rec.
1728 1595 1786 1644 ὥς

102 1650 158 1693 τὰ
188 1655 282 1720 μέγ.
345 1652 454 1694 Dein
481 1649 755 1692 Heindorfius
786 1649 995 1702 διέλωμεν
1027 1647 1237 1701 correxit,
1270 1650 1358 1691 sine
1387 1663 1537 1692 caussa
1566 1652 1734 1695 idonea.

218 1707 433 1750 αυτὸθι
458 1710 744 1757 ποιεῖται]
777 1704 976 1748 αὐτόθεν
1004 1706 1105 1748 Par.
1134 1705 1203 1758 F„
1233 1707 1348 1760 quod
1368 1715 1622 1762 receperunt
1648 1710 1786 1753 Hein-

34 1761 37 1770 '
103 1765 214 1808 dors.
244 1771 289 1808 et
316 1766 503 1807 Bekker.

218 1823 306 1863 καὶ
341 1820 421 1875 πῇ
448 1817 771 1878 διαιροῦμεν
785 1835 808 1860 ο
823 1824 872 1870 ς]
933 1819 1050 1864 Male
1087 1821 1214 1873 vulgo
1252 1817 1566 1875 διαιρούμενον.
1627 1824 1787 1868 Veram

106 1880 335 1925 lectionem.
362 1879 518 1922 habent
546 1880 678 1923 Basil.
709 1884 751 1920 2.
782 1878 907 1920 Stob.
938 1883 982 1921 et
1012 1877 1138 1919 codd.
1169 1882 1338 1932 praeter
1366 1879 1402 1920 V
1407 1890 1471 1919 en.
1497 1881 1543 1922 Ξ.
1575 1893 1738 1923 omnes.

108 2064 190 2107 per
206 2063 361 2105 aquam
378 2053 559 2092 natatur.
618 2048 770 2101 Itaque
789 2053 909 2092 recte

110 2109 268 2164 duplex
307 2107 574 2160 distinguitur
613 2107 717 2147 artis
755 2107 908 2148 natati-

109 2166 162 2209 lis
193 2166 566 2218 gen11s‚a}ter11m
599 2163 715 2216 quod
746 2164 799 2205 ad
831 2178 908 2205 vo-

110 2225 244 2266 latum
283 2223 422 2263 avium
467 2221 672 2275 pertinet,
711 2223 906 2273 alterum„

112 2280 230 2333 quod
259 2279 443 2321 refertur
472 2278 526 2319 ad
554 2278 700 2332 pisces
729 2279 770 2318 in
800 2292 910 2332 aqua

112 2341 321 2380 natantes.
344 2332 467 2377 Pro‘
445 2333 605 2389 ορῶμεν
615 2334 727 2387 quod
738 2336 782 2376 H
793 2351 816 2377 e
828 2349 855 2376 u
865 2349 909 2375 s-

115 2394 235 2436 dius
274 2394 454 2434 coniecit
492 2392 695 2447 ἐροῦμεν,
727 2393 769 2434 id
798 2393 912 2435 nihili
954 2406 956 2408 ’

114 2456 204 2504 est3
243 2451 366 2491 sicuti
418 2449 540 2491 facile
587 2451 807 2503 apparebit
844 2451 910 2501 iis,

114 2508 203 2564 qui
214 2508 295 2550 loci
320 2507 450 2548 totius
475 2506 683 2548 rationem
714 2512 912 2549 accurate

116 2565 432 2631 perpenderint.
508 2564 651 2604 Recte
696 2567 913 2615 vulcratam

116 2623 342 2665 lectionem
372 2624 514 2660 tuetur
532 2620 575 2659 H
588 2621 633 2660 ei
649 2621 745 2662 ndo
759 2634 779 2662 r
794 2624 828 2660 l
819 2635 910 2663 ius.

116 2680 225 2722 Mox
252 2691 329 2730 pro
359 2678 470 2727 vulg
510 2670 667 2730 ορνιθο
674 2675 915 2731 9ηρευτική

119 2748 175 2778 ex
203 2733 326 2775 codd.
359 2732 530 2785 optimis
567 2745 663 2773 cum
702 2734 916 2776 Bekke-

118 2806 180 2835 ro
225 2790 416 2832 dedimus
456 2786 756 2841 ὀρνιθευτική,
802 2789 916 2842 quod
951 2804 953 2806 ·

119 2849 374 2890 vocabulum
412 2849 455 2886 et
493 2845 632 2898 ipsum
683 2860 762 2900 per
806 2846 915 2888 ludi-

120 2906 259 2948 brium
288 2902 501 2956 quoddam
539 2904 680 2943 fictum
714 2917 810 2944 esse
838 2915 917 2955 pu-

121 2969 275 3005 tamus.
336 2961 475 3004 Atque
506 2959 547 2999 id
578 2961 759 3000 servavit
789 2961 918 3000 etiam

120 3020 330 3063 Pollux
358 3015 451 3056 VLI
488 3020 583 3055 139.
616 3018 689 3067 qui
715 3017 823 3057 hunc
855 3017 918 3056 lo-

124 3090 244 3126 cum.
277 3074 453 3127 opinor,
493 3073 549 3114 ob
581 3075 729 3114 oculos
759 3073 915 3114 habuit.

125 3133 261 3175 Stob
277 3146 332 3172 ae
346 3143 406 3170 us
436 3126 607 3171 habet'
587 3126 922 3183 ορνεοτευκτική,

123 3189 239 3244 quod
271 3188 421 3230 eodem
453 3187 661 3254 perducit.

184 3244 386 3297 ταύτην
415 3238 480 3285 ati
509 3239 600 3293 τὴν
635 3239 815 3295 θήραν
845 3236 919 3296 ἆρ’

126 3300 218 3345 οὔκ
246 3300 308 3342 ἀν
336 3318 369 3341 κ.
402 3299 480 3355 pm]
533 3300 818 3341 Stobaeus
847 3314 924 3339 κα-

125 3356 179 3400 τὰ
219 3375 272 3400 τα
312 3360 487 3414 μέγιστα
525 3359 642 3410 μέρη.
703 3356 790 3398 Sed
822 3356 924 3396 arti-

130 3418 228 3459 culo
255 3429 341 3458 non
360 3426 501 3469 opus,
530 3426 656 3467 quem
686 3426 767 3455 nec
795 3412 924 3456 codd.

991 2049 1184 2092 Platonis
1214 2053 1400 2091 tuentur.
1462 2048 1551 2090 Pro
1573 2049 1786 2105 §castolium

990 2107 1037 2148 Η
1052 2107 1133 2147 ein
1145 2107 1170 2147 d
1183 2119 1208 2146 o
1219 2106 1322 2147 rfiu
1334 2120 1354 2147 s
1404 2106 1521 2148 dedit
1566 2107 1784 2160 διέλωμεν.

993 2163 1116 2206 Quae
1167 2164 1407 2204 coniectura
1461 2163 1541 2205 etsi
1593 2166 1787 2217 speciosa

994 2225 1075 2272 est,
1105 2225 1247 2262 tamen
1267 2233 1579 2274 supervacanea
1609 2222 1784 2263 videtur.

992 2277 1103 2321 Nam
1139 2275 1219 2318 hoc
1249 2277 1352 2318 dicit
1367 2277 1523 2331 hospes
1548 2277 1787 2320 Eleaticus.

993 2347 1168 2376 nonne
1237 2334 1364 2375 hanc
1436 2349 1461 2375 v
1476 2319 1801 2377 enationem

993 2392 1200 2446 possim
1220 2391 1513 2432 secundum
1533 2394 1790 2434 maximas

993 2450 1205 2504 partesl
1245 2449 1375 2489 duas
1434 2448 1684 2491 dividere
1728 2463 1791 2491 vac

996 2505 1046 2546 di
1060 2519 1079 2546 s
1092 2505 1134 2546 ti
1147 2518 1244 2554 ngu
1257 2519 1311 2547 er
1324 2519 1376 2546 e.
1357 2505 1389 2540 ’2
1439 2505 1551 2546 Hinc
1576 2505 1792 2549 Theaete-

995 2567 1065 2604 tus
1084 2563 1231 2604 statim
1249 2567 1365 2616 post·
1390 2561 1474 2608 πῶς
1493 2563 1633 2617 λέγεις,
1649 2563 1719 2603 καὶ
1731 2564 1793 2619 πῂ·

995 2616 1172 2674 διαιροιί
1169 2634 1289 2664 amoc
1318 2617 1538 2670 ἓκοὶτεροις
1597 2620 1670 2661 Sic
1693 2633 1793 2661 Sex-

999 2677 1161 2717 centies
1200 2677 1267 2717 dlc
1271 2679 1351 2716 Itur
1387 2673 1484 2715 ur'ae‘t
1541 2676 1632 2729 εἴδη
1681 2676 1795 2715 διαι-

1000 2734 1188 2788 ρεῖσθαι.
1265 2733 1309 2773 H
1326 2734 1373 2772 ei
1389 2745 1413 2771 u
1427 2732 1452 2772 d
1470 2732 1597 2773 orffi
1647 2735 1799 2774 conie-

1001 2795 1164 2830 cturam
1208 2789 1278 2840 qui
1320 2790 1362 2829 in
1405 2789 1592 2830 ordimm
1637 2791 1795 2832 verbo,

999 2858 1093 2886 rum
1123 2847 1284 2898 recepit
1313 2845 1618 2898 Bekkerus,
1649 2847 1686 2887 is
1714 2861 1795 2900 po·-

1000 2907 1093 2942 stea
1130 2903 1222 2955 ipse
1236 2933 1249 2954 ‚
1295 2902 1394 2942 dum
1436 2902 1638 2943 scriberet
1677 2904 1796 2944 criti-

1000 2971 1072 2999 cas
1103 2959 1420 3009 annotationeS,
1454 2964 1642 3003 mentem
1673 2973 1796 3003 suam

1000 3016 1191 3056 mutavit.
1282 3024 1284 3027 ·
1494 3049 1497 3051 ,

1058 3069 1123 3111 αὖ
1139 3068 1194 3111 τό
1213 3077 1274 3112 θι
1303 3076 1545 3112 ποιεῖται
1572 3068 1666 3123 τὴν
1695 3070 1798 3124 θή-

1003 3144 1028 3183 ρ
1040 3144 1068 3167 α
1080 3132 1126 3177 ν]
1187 3129 1306 3170 Libri
1321 3129 1567 3183 paucissimi
1586 3126 1691 3171 αὐτό
1700 3135 1796 3185 θεν,

1003 3185 1117 3238 quod
1148 3186 1305 3239 placuit
1335 3186 1477 3228 Hein
1493 3186 1518 3226 d
1537 3187 1695 3240 orfio,
1726 3189 1797 3241 qui

1003 3242 1329 3296 interpretatur,
1374 3257 1430 3283 so
1445 3245 1455 3285 l
1472 3244 1514 3283 is
1558 3246 1797 3297 retibus,

1003 3303 1065 3340 ut
1104 3312 1204 3341 non
1248 3299 1332 3341 vis
1381 3300 1598 3342 humana
1645 3315 1799 3343 acce-

1007 3354 1119 3406 dat,
1140 3386 1143 3389 -
1187 3369 1340 3407 quum
1399 3370 1497 3399 con
1513 3363 1597 3399 tra
1665 3358 1801 3400 hami

1006 3411 1360 3467 fascinaeque
1401 3427 1496 3468 per
1544 3428 1603 3457 se
1630 3415 1799 3470 ipsae,
