<?xml version="1.0" encoding="UTF-8"?>
<!DOCTYPE html PUBLIC "-//W3C//DTD XHTML 1.0 Transitional//EN"
    "http://www.w3.org/TR/xhtml1/DTD/xhtml1-transitional.dtd">
<html xmlns="http://www.w3.org/1999/xhtml" xml:lang="en" lang="en">
 <head>
  <title>
</title>
<meta http-equiv="Content-Type" content="text/html;charset=utf-8" />
  <meta name='ocr-system' content='tesseract 3.04.00' />
  <meta name='ocr-capabilities' content='ocr_page ocr_carea ocr_par ocr_line ocrx_word'/>
</head>
<body>
  <div class='ocr_page' id='page_1' title='image "./s1s2operaomniare08platuoft_0361.png"; bbox 0 0 2028 3750; ppageno 0'>
   <div class='ocr_carea' id='block_1_1' title="bbox 301 830 544 911">
    <p class='ocr_par' dir='ltr' id='par_1_1' title="bbox 301 830 544 911">
     <span class='ocr_line' id='line_1_1' title="bbox 301 830 544 911; baseline -0.008 -19"><span class='ocrx_word' id='word_1_1' title='bbox 301 833 444 911; x_wconf 87' lang='lat' dir='ltr'><strong>Cap.</strong></span> <span class='ocrx_word' id='word_1_2' title='bbox 497 830 544 891; x_wconf 82' lang='grc' dir='ltr'><strong>Ι.</strong></span> 
     </span>
    </p>
   </div>
   <div class='ocr_carea' id='block_1_2' title="bbox 642 822 1954 916">
    <p class='ocr_par' dir='ltr' id='par_1_2' title="bbox 642 822 1954 916">
     <span class='ocr_line' id='line_1_2' title="bbox 642 822 1954 916; baseline 0.009 -20"><span class='ocrx_word' id='word_1_3' title='bbox 642 822 832 904; x_wconf 65' lang='lat' dir='ltr'><strong>Isara}</strong></span> <span class='ocrx_word' id='word_1_4' title='bbox 876 841 978 911; x_wconf 78' lang='grc' dir='ltr'><strong>τὴν</strong></span> <span class='ocrx_word' id='word_1_5' title='bbox 1020 847 1164 916; x_wconf 74' lang='grc' dir='ltr'><em>χθὲς</em></span> <span class='ocrx_word' id='word_1_6' title='bbox 1212 843 1545 915; x_wconf 74' lang='grc' dir='ltr'><em>ὁμολογίαν,</em></span> <span class='ocrx_word' id='word_1_7' title='bbox 1594 842 1637 900; x_wconf 80' lang='grc' dir='ltr'><em>ὦ</em></span> <span class='ocrx_word' id='word_1_8' title='bbox 1684 845 1809 901; x_wconf 75' lang='grc' dir='ltr'><strong>Σώ-</strong></span> <span class='ocrx_word' id='word_1_9' title='bbox 1847 852 1954 908; x_wconf 83' lang='grc'><strong>216</strong></span> 
     </span>
    </p>
   </div>
   <div class='ocr_carea' id='block_1_3' title="bbox 1685 930 1694 947">
    <p class='ocr_par' dir='ltr' id='par_1_3' title="bbox 1685 930 1694 947">
     <span class='ocr_line' id='line_1_3' title="bbox 1685 930 1694 947; baseline 0 0"><span class='ocrx_word' id='word_1_10' title='bbox 1685 930 1694 947; x_wconf 58' lang='lat' dir='ltr'><strong>l</strong></span> 
     </span>
    </p>
   </div>
   <div class='ocr_carea' id='block_1_4' title="bbox 135 926 1814 1005">
    <p class='ocr_par' dir='ltr' id='par_1_4' title="bbox 135 926 1814 1005">
     <span class='ocr_line' id='line_1_4' title="bbox 135 926 1814 1005; baseline 0.002 -20"><span class='ocrx_word' id='word_1_11' title='bbox 135 950 358 1005; x_wconf 81' lang='grc' dir='ltr'><em>κρατες,</em></span> <span class='ocrx_word' id='word_1_12' title='bbox 406 926 613 999; x_wconf 84' lang='grc' dir='ltr'><strong><em>ἥκομεν</em></strong></span> <span class='ocrx_word' id='word_1_13' title='bbox 659 929 820 983; x_wconf 82' lang='grc' dir='ltr'><strong><em>αὐτοί</em></strong></span> <span class='ocrx_word' id='word_1_14' title='bbox 863 950 920 983; x_wconf 80' lang='grc' dir='ltr'><strong>τε</strong></span> <span class='ocrx_word' id='word_1_15' title='bbox 958 936 1200 1000; x_wconf 82' lang='grc' dir='ltr'><strong><em>κοσμίως</em></strong></span> <span class='ocrx_word' id='word_1_16' title='bbox 1251 934 1345 986; x_wconf 81' lang='grc' dir='ltr'><strong>καὶ</strong></span> <span class='ocrx_word' id='word_1_17' title='bbox 1379 927 1540 986; x_wconf 77' lang='grc' dir='ltr'><em>τόνδε</em></span> <span class='ocrx_word' id='word_1_18' title='bbox 1576 953 1700 986; x_wconf 79' lang='grc' dir='ltr'><em>τινα</em></span> <span class='ocrx_word' id='word_1_19' title='bbox 1735 935 1814 1002; x_wconf 59' lang='lat'><strong>55.-</strong></span> 
     </span>
    </p>
   </div>
   <div class='ocr_carea' id='block_1_5' title="bbox 248 1083 546 1133">
    <p class='ocr_par' dir='ltr' id='par_1_5' title="bbox 248 1083 546 1133">
     <span class='ocr_line' id='line_1_5' title="bbox 248 1083 546 1133; baseline -0.003 -7"><span class='ocrx_word' id='word_1_20' title='bbox 248 1083 302 1133; x_wconf 83' lang='lat' dir='ltr'><strong>P.</strong></span> <span class='ocrx_word' id='word_1_21' title='bbox 336 1088 436 1126; x_wconf 81' lang='lat'><strong>216.</strong></span> <span class='ocrx_word' id='word_1_22' title='bbox 493 1084 546 1126; x_wconf 88' lang='lat' dir='ltr'><strong>A.</strong></span> 
     </span>
    </p>
   </div>
   <div class='ocr_carea' id='block_1_6' title="bbox 133 1193 934 1368">
    <p class='ocr_par' dir='ltr' id='par_1_6' title="bbox 133 1193 934 1368">
     <span class='ocr_line' id='line_1_6' title="bbox 189 1193 934 1252; baseline -0.009 -9"><span class='ocrx_word' id='word_1_23' title='bbox 189 1199 378 1252; x_wconf 42' lang='grc' dir='ltr'><strong>Ρ.-216.,</strong></span> <span class='ocrx_word' id='word_1_24' title='bbox 445 1196 584 1240; x_wconf 71' lang='grc' dir='ltr'><strong>κατὰ</strong></span> <span class='ocrx_word' id='word_1_25' title='bbox 641 1193 738 1249; x_wconf 78' lang='grc' dir='ltr'><strong>τὴν</strong></span> <span class='ocrx_word' id='word_1_26' title='bbox 791 1196 934 1249; x_wconf 56' lang='grc' dir='ltr'><strong>χθὲς</strong></span> 
     </span>
     <span class='ocr_line' id='line_1_7' title="bbox 134 1252 933 1313; baseline -0.005 -15"><span class='ocrx_word' id='word_1_27' title='bbox 134 1252 462 1313; x_wconf 71' lang='grc' dir='ltr'><strong><em>ὁμολογίαν]</em></strong></span> <span class='ocrx_word' id='word_1_28' title='bbox 517 1254 723 1296; x_wconf 84' lang='lat' dir='ltr'><strong>Habitum</strong></span> <span class='ocrx_word' id='word_1_29' title='bbox 761 1255 933 1308; x_wconf 83' lang='lat' dir='ltr'><strong>fingitur</strong></span> 
     </span>
     <span class='ocr_line' id='line_1_8' title="bbox 133 1311 933 1368; baseline -0.005 -12"><span class='ocrx_word' id='word_1_30' title='bbox 133 1314 387 1367; x_wconf 84' lang='lat' dir='ltr'><strong>colloquium</strong></span> <span class='ocrx_word' id='word_1_31' title='bbox 416 1312 644 1368; x_wconf 78' lang='lat' dir='ltr'><strong>postridie,</strong></span> <span class='ocrx_word' id='word_1_32' title='bbox 682 1325 808 1364; x_wconf 87' lang='lat' dir='ltr'><strong>quam</strong></span> <span class='ocrx_word' id='word_1_33' title='bbox 846 1311 933 1352; x_wconf 80' lang='lat' dir='ltr'><strong>dis-</strong></span> 
     </span>
    </p>
   </div>
   <div class='ocr_carea' id='block_1_7' title="bbox 131 1369 945 1427">
    <p class='ocr_par' dir='ltr' id='par_1_7' title="bbox 131 1369 945 1427">
     <span class='ocr_line' id='line_1_9' title="bbox 131 1369 945 1427; baseline -0.005 -14"><span class='ocrx_word' id='word_1_34' title='bbox 131 1371 322 1427; x_wconf 88' lang='lat' dir='ltr'><strong>putatio,</strong></span> <span class='ocrx_word' id='word_1_35' title='bbox 352 1383 459 1424; x_wconf 87' lang='lat' dir='ltr'><strong>quae</strong></span> <span class='ocrx_word' id='word_1_36' title='bbox 487 1370 531 1412; x_wconf 89' lang='lat' dir='ltr'><strong>in</strong></span> <span class='ocrx_word' id='word_1_37' title='bbox 560 1369 798 1411; x_wconf 79' lang='lat' dir='ltr'><strong>Theaeteto</strong></span> <span class='ocrx_word' id='word_1_38' title='bbox 831 1375 945 1410; x_wconf 82' lang='lat' dir='ltr'><strong>con·&#39;</strong></span> 
     </span>
    </p>
   </div>
   <div class='ocr_carea' id='block_1_8' title="bbox 133 1426 936 2051">
    <p class='ocr_par' dir='ltr' id='par_1_8' title="bbox 133 1426 936 2051">
     <span class='ocr_line' id='line_1_10' title="bbox 133 1426 933 1480; baseline -0.005 -10"><span class='ocrx_word' id='word_1_39' title='bbox 133 1429 303 1480; x_wconf 83' lang='lat' dir='ltr'><strong>tinetur,</strong></span> <span class='ocrx_word' id='word_1_40' title='bbox 343 1427 533 1469; x_wconf 85' lang='lat' dir='ltr'><strong>instituta</strong></span> <span class='ocrx_word' id='word_1_41' title='bbox 570 1431 698 1468; x_wconf 89' lang='lat' dir='ltr'><strong>esset.</strong></span> <span class='ocrx_word' id='word_1_42' title='bbox 770 1426 933 1469; x_wconf 82' lang='lat' dir='ltr'><strong>Quam-</strong></span> 
     </span>
     <span class='ocr_line' id='line_1_11' title="bbox 133 1483 935 1535; baseline -0.005 -8"><span class='ocrx_word' id='word_1_43' title='bbox 133 1486 284 1527; x_wconf 86' lang='lat' dir='ltr'><strong>obrem</strong></span> <span class='ocrx_word' id='word_1_44' title='bbox 315 1486 443 1527; x_wconf 90' lang='lat' dir='ltr'><strong>etiam</strong></span> <span class='ocrx_word' id='word_1_45' title='bbox 474 1484 601 1526; x_wconf 89' lang='lat' dir='ltr'><strong>iidem</strong></span> <span class='ocrx_word' id='word_1_46' title='bbox 630 1483 837 1535; x_wconf 77' lang='lat' dir='ltr'><strong>homines,</strong></span> <span class='ocrx_word' id='word_1_47' title='bbox 869 1487 935 1524; x_wconf 91' lang='lat' dir='ltr'><strong>at-</strong></span> 
     </span>
     <span class='ocr_line' id='line_1_12' title="bbox 133 1540 936 1596; baseline -0.006 -12"><span class='ocrx_word' id='word_1_48' title='bbox 133 1556 217 1596; x_wconf 90' lang='lat' dir='ltr'><strong>que</strong></span> <span class='ocrx_word' id='word_1_49' title='bbox 273 1542 381 1594; x_wconf 83' lang='lat' dir='ltr'><strong>illic,</strong></span> <span class='ocrx_word' id='word_1_50' title='bbox 439 1541 518 1582; x_wconf 91' lang='lat' dir='ltr'><strong>hoc</strong></span> <span class='ocrx_word' id='word_1_51' title='bbox 568 1545 635 1581; x_wconf 88' lang='lat' dir='ltr'><strong>est</strong></span> <span class='ocrx_word' id='word_1_52' title='bbox 681 1540 936 1582; x_wconf 89' lang='lat' dir='ltr'><strong>Theodorus</strong></span> 
     </span>
     <span class='ocr_line' id='line_1_13' title="bbox 135 1597 936 1652; baseline -0.002 -12"><span class='ocrx_word' id='word_1_53' title='bbox 135 1599 393 1652; x_wconf 82' lang='lat' dir='ltr'><strong>Cyrenaicus</strong></span> <span class='ocrx_word' id='word_1_54' title='bbox 433 1603 476 1640; x_wconf 91' lang='lat' dir='ltr'><strong>et</strong></span> <span class='ocrx_word' id='word_1_55' title='bbox 504 1597 780 1649; x_wconf 79' lang='lat' dir='ltr'><strong>Theaetetus,</strong></span> <span class='ocrx_word' id='word_1_56' title='bbox 811 1609 936 1650; x_wconf 88' lang='lat' dir='ltr'><strong>prae-</strong></span> 
     </span>
     <span class='ocr_line' id='line_1_14' title="bbox 137 1653 936 1709; baseline -0.008 -9"><span class='ocrx_word' id='word_1_57' title='bbox 137 1656 239 1706; x_wconf 84' lang='lat' dir='ltr'><strong>clari</strong></span> <span class='ocrx_word' id='word_1_58' title='bbox 261 1654 413 1709; x_wconf 81' lang='lat' dir='ltr'><strong>ingenii</strong></span> <span class='ocrx_word' id='word_1_59' title='bbox 438 1654 706 1706; x_wconf 74' lang='lat' dir='ltr'><strong>adolescens,</strong></span> <span class='ocrx_word' id='word_1_60' title='bbox 736 1668 833 1696; x_wconf 85' lang='lat' dir='ltr'><strong>cum</strong></span> <span class='ocrx_word' id='word_1_61' title='bbox 851 1653 936 1695; x_wconf 87' lang='lat' dir='ltr'><strong>So-</strong></span> 
     </span>
     <span class='ocr_line' id='line_1_15' title="bbox 136 1712 932 1765; baseline -0.001 -11"><span class='ocrx_word' id='word_1_62' title='bbox 136 1719 255 1754; x_wconf 87' lang='lat' dir='ltr'><strong>crate</strong></span> <span class='ocrx_word' id='word_1_63' title='bbox 322 1715 612 1765; x_wconf 86' lang='lat' dir='ltr'><strong>colloquentes</strong></span> <span class='ocrx_word' id='word_1_64' title='bbox 669 1712 932 1753; x_wconf 85' lang='lat' dir='ltr'><strong>inducuntur.</strong></span> 
     </span>
     <span class='ocr_line' id='line_1_16' title="bbox 137 1769 935 1822; baseline -0.008 -9"><span class='ocrx_word' id='word_1_65' title='bbox 137 1769 267 1814; x_wconf 75' lang='lat' dir='ltr'><strong>Quod</strong></span> <span class='ocrx_word' id='word_1_66' title='bbox 296 1783 451 1822; x_wconf 80' lang='lat' dir='ltr'><strong>magno</strong></span> <span class='ocrx_word' id='word_1_67' title='bbox 493 1775 558 1810; x_wconf 88' lang='lat' dir='ltr'><strong>est</strong></span> <span class='ocrx_word' id='word_1_68' title='bbox 587 1774 836 1821; x_wconf 70' lang='lat' dir='ltr'><strong>argumento</strong></span> <span class='ocrx_word' id='word_1_69' title='bbox 867 1780 935 1808; x_wconf 88' lang='lat' dir='ltr'><strong>ar-</strong></span> 
     </span>
     <span class='ocr_line' id='line_1_17' title="bbox 135 1825 936 1868; baseline -0.002 0"><span class='ocrx_word' id='word_1_70' title='bbox 135 1827 369 1868; x_wconf 88' lang='lat' dir='ltr'><strong>ctissimam</strong></span> <span class='ocrx_word' id='word_1_71' title='bbox 412 1839 509 1868; x_wconf 89' lang='lat' dir='ltr'><strong>esse</strong></span> <span class='ocrx_word' id='word_1_72' title='bbox 549 1825 670 1866; x_wconf 89' lang='lat' dir='ltr'><strong>huius</strong></span> <span class='ocrx_word' id='word_1_73' title='bbox 709 1827 800 1867; x_wconf 89' lang='lat' dir='ltr'><strong>libri</strong></span> <span class='ocrx_word' id='word_1_74' title='bbox 838 1837 936 1867; x_wconf 88' lang='lat' dir='ltr'><strong>cum</strong></span> 
     </span>
     <span class='ocr_line' id='line_1_18' title="bbox 136 1882 935 1926; baseline -0.004 -1"><span class='ocrx_word' id='word_1_75' title='bbox 136 1884 376 1926; x_wconf 83' lang='lat' dir='ltr'><strong>Theaeteto</strong></span> <span class='ocrx_word' id='word_1_76' title='bbox 395 1882 750 1925; x_wconf 86' lang='lat' dir='ltr'><strong>necessitudinem</strong></span> <span class='ocrx_word' id='word_1_77' title='bbox 772 1888 815 1925; x_wconf 89' lang='lat' dir='ltr'><strong>et</strong></span> <span class='ocrx_word' id='word_1_78' title='bbox 832 1895 935 1923; x_wconf 90' lang='lat' dir='ltr'><strong>con-</strong></span> 
     </span>
     <span class='ocr_line' id='line_1_19' title="bbox 135 1939 935 1982; baseline -0.001 0"><span class='ocrx_word' id='word_1_79' title='bbox 135 1941 410 1982; x_wconf 85' lang='lat' dir='ltr'><strong>iunctionem.</strong></span> <span class='ocrx_word' id='word_1_80' title='bbox 465 1940 693 1982; x_wconf 86' lang='lat' dir='ltr'><strong>Enimvero</strong></span> <span class='ocrx_word' id='word_1_81' title='bbox 734 1941 775 1981; x_wconf 89' lang='lat' dir='ltr'><strong>in</strong></span> <span class='ocrx_word' id='word_1_82' title='bbox 819 1939 935 1981; x_wconf 86' lang='lat' dir='ltr'><strong>The-</strong></span> 
     </span>
     <span class='ocr_line' id='line_1_20' title="bbox 135 1997 936 2051; baseline -0.001 -12"><span class='ocrx_word' id='word_1_83' title='bbox 135 2003 278 2040; x_wconf 88' lang='lat' dir='ltr'><strong>aeteto</strong></span> <span class='ocrx_word' id='word_1_84' title='bbox 295 2003 571 2051; x_wconf 84' lang='lat' dir='ltr'><strong>posteaquam</strong></span> <span class='ocrx_word' id='word_1_85' title='bbox 601 1997 936 2046; x_wconf 80' lang='lat' dir='ltr'><strong>demonstratum</strong></span> 
     </span>
    </p>
   </div>
   <div class='ocr_carea' id='block_1_9' title="bbox 136 2055 955 2107">
    <p class='ocr_par' dir='ltr' id='par_1_9' title="bbox 136 2055 955 2107">
     <span class='ocr_line' id='line_1_21' title="bbox 136 2055 955 2107; baseline -0.002 -11"><span class='ocrx_word' id='word_1_86' title='bbox 136 2060 204 2097; x_wconf 87' lang='lat' dir='ltr'><strong>est</strong></span> <span class='ocrx_word' id='word_1_87' title='bbox 233 2055 451 2096; x_wconf 82' lang='lat' dir='ltr'><strong>scientiam</strong></span> <span class='ocrx_word' id='word_1_88' title='bbox 492 2067 630 2107; x_wconf 89' lang='lat' dir='ltr'><strong>neque</strong></span> <span class='ocrx_word' id='word_1_89' title='bbox 658 2055 699 2095; x_wconf 87' lang='lat' dir='ltr'><strong>in</strong></span> <span class='ocrx_word' id='word_1_90' title='bbox 728 2055 830 2095; x_wconf 75' lang='lat' dir='ltr'><strong>visis</strong></span> <span class='ocrx_word' id='word_1_91' title='bbox 859 2066 955 2094; x_wconf 60' lang='lat' dir='ltr'><strong>ne-‘</strong></span> 
     </span>
    </p>
   </div>
   <div class='ocr_carea' id='block_1_10' title="bbox 99 2110 945 3472">
    <p class='ocr_par' dir='ltr' id='par_1_10' title="bbox 99 2110 945 3472">
     <span class='ocr_line' id='line_1_22' title="bbox 136 2110 936 2166; baseline -0.003 -13"><span class='ocrx_word' id='word_1_92' title='bbox 136 2125 220 2165; x_wconf 88' lang='lat' dir='ltr'><strong>que</strong></span> <span class='ocrx_word' id='word_1_93' title='bbox 256 2113 297 2153; x_wconf 86' lang='lat' dir='ltr'><strong>in</strong></span> <span class='ocrx_word' id='word_1_94' title='bbox 337 2112 603 2166; x_wconf 85' lang='lat' dir='ltr'><strong>opinionibus</strong></span> <span class='ocrx_word' id='word_1_95' title='bbox 641 2112 805 2164; x_wconf 86' lang='lat' dir='ltr'><strong>inesse,</strong></span> <span class='ocrx_word' id='word_1_96' title='bbox 842 2110 936 2164; x_wconf 87' lang='lat' dir='ltr'><strong>phi-</strong></span> 
     </span>
     <span class='ocr_line' id='line_1_23' title="bbox 136 2167 937 2223; baseline -0.001 -13"><span class='ocrx_word' id='word_1_97' title='bbox 136 2169 340 2223; x_wconf 84' lang='lat' dir='ltr'><strong>losophus</strong></span> <span class='ocrx_word' id='word_1_98' title='bbox 379 2170 463 2210; x_wconf 85' lang='lat' dir='ltr'><strong>iam</strong></span> <span class='ocrx_word' id='word_1_99' title='bbox 493 2168 658 2210; x_wconf 88' lang='lat' dir='ltr'><strong>accedit</strong></span> <span class='ocrx_word' id='word_1_100' title='bbox 691 2167 744 2210; x_wconf 89' lang='lat' dir='ltr'><strong>ad</strong></span> <span class='ocrx_word' id='word_1_101' title='bbox 776 2168 937 2210; x_wconf 85' lang='lat' dir='ltr'><strong>exami-</strong></span> 
     </span>
     <span class='ocr_line' id='line_1_24' title="bbox 135 2225 938 2276; baseline 0 -10"><span class='ocrx_word' id='word_1_102' title='bbox 135 2226 318 2267; x_wconf 86' lang='lat' dir='ltr'><strong>nandam</strong></span> <span class='ocrx_word' id='word_1_103' title='bbox 347 2226 636 2268; x_wconf 81' lang='lat' dir='ltr'><strong>Eleaticorum</strong></span> <span class='ocrx_word' id='word_1_104' title='bbox 667 2225 938 2276; x_wconf 72' lang='lat' dir='ltr'><strong>sententiam,</strong></span> 
     </span>
     <span class='ocr_line' id='line_1_25' title="bbox 136 2282 939 2336; baseline -0.001 -13"><span class='ocrx_word' id='word_1_105' title='bbox 136 2283 209 2336; x_wconf 87' lang='lat' dir='ltr'><strong>qui</strong></span> <span class='ocrx_word' id='word_1_106' title='bbox 257 2283 398 2324; x_wconf 89' lang='lat' dir='ltr'><strong>omnia</strong></span> <span class='ocrx_word' id='word_1_107' title='bbox 446 2284 500 2324; x_wconf 89' lang='lat' dir='ltr'><strong>ad</strong></span> <span class='ocrx_word' id='word_1_108' title='bbox 539 2296 665 2324; x_wconf 89' lang='lat' dir='ltr'><strong>unum</strong></span> <span class='ocrx_word' id='word_1_109' title='bbox 708 2282 809 2324; x_wconf 89' lang='lat' dir='ltr'><strong>illud</strong></span> <span class='ocrx_word' id='word_1_110' title='bbox 848 2282 939 2323; x_wconf 89' lang='lat' dir='ltr'><strong>Ens</strong></span> 
     </span>
     <span class='ocr_line' id='line_1_26' title="bbox 137 2339 940 2393; baseline -0.001 -13"><span class='ocrx_word' id='word_1_111' title='bbox 137 2353 259 2382; x_wconf 86' lang='lat' dir='ltr'><strong>suum</strong></span> <span class='ocrx_word' id='word_1_112' title='bbox 301 2339 556 2384; x_wconf 83' lang='lat' dir='ltr'><strong>referebant.</strong></span> <span class='ocrx_word' id='word_1_113' title='bbox 615 2340 683 2381; x_wconf 84' lang='lat' dir='ltr'><strong>Ex</strong></span> <span class='ocrx_word' id='word_1_114' title='bbox 721 2353 805 2392; x_wconf 90' lang='lat' dir='ltr'><strong>quo</strong></span> <span class='ocrx_word' id='word_1_115' title='bbox 840 2352 940 2393; x_wconf 89' lang='lat' dir='ltr'><strong>per-</strong></span> 
     </span>
     <span class='ocr_line' id='line_1_27' title="bbox 137 2396 938 2451; baseline 0 -13"><span class='ocrx_word' id='word_1_116' title='bbox 137 2398 326 2451; x_wconf 87' lang='lat' dir='ltr'><strong>spicuum</strong></span> <span class='ocrx_word' id='word_1_117' title='bbox 366 2402 456 2449; x_wconf 89' lang='lat' dir='ltr'><strong>est,</strong></span> <span class='ocrx_word' id='word_1_118' title='bbox 499 2411 573 2438; x_wconf 89' lang='lat' dir='ltr'><strong>cur</strong></span> <span class='ocrx_word' id='word_1_119' title='bbox 612 2397 694 2438; x_wconf 87' lang='lat' dir='ltr'><strong>iam</strong></span> <span class='ocrx_word' id='word_1_120' title='bbox 724 2396 938 2438; x_wconf 88' lang='lat' dir='ltr'><strong>Theaete-</strong></span> 
     </span>
     <span class='ocr_line' id='line_1_28' title="bbox 137 2453 937 2495; baseline -0.003 0"><span class='ocrx_word' id='word_1_121' title='bbox 137 2460 207 2495; x_wconf 86' lang='lat' dir='ltr'><strong>tus</strong></span> <span class='ocrx_word' id='word_1_122' title='bbox 245 2460 288 2495; x_wconf 90' lang='lat' dir='ltr'><strong>et</strong></span> <span class='ocrx_word' id='word_1_123' title='bbox 326 2453 580 2495; x_wconf 87' lang='lat' dir='ltr'><strong>Theodorus</strong></span> <span class='ocrx_word' id='word_1_124' title='bbox 630 2454 822 2494; x_wconf 87' lang='lat' dir='ltr'><strong>dicantur</strong></span> <span class='ocrx_word' id='word_1_125' title='bbox 867 2467 937 2494; x_wconf 89' lang='lat' dir='ltr'><strong>se-</strong></span> 
     </span>
     <span class='ocr_line' id='line_1_29' title="bbox 133 2510 938 2564; baseline -0.001 -12"><span class='ocrx_word' id='word_1_126' title='bbox 133 2524 232 2562; x_wconf 89' lang='lat' dir='ltr'><strong>cum</strong></span> <span class='ocrx_word' id='word_1_127' title='bbox 272 2511 499 2553; x_wconf 84' lang='lat' dir='ltr'><strong>adduxisse</strong></span> <span class='ocrx_word' id='word_1_128' title='bbox 534 2510 740 2564; x_wconf 85' lang='lat' dir='ltr'><strong>hospitem</strong></span> <span class='ocrx_word' id='word_1_129' title='bbox 774 2511 938 2551; x_wconf 84' lang='lat' dir='ltr'><strong>Eleati-</strong></span> 
     </span>
     <span class='ocr_line' id='line_1_30' title="bbox 139 2567 935 2622; baseline -0.004 -13"><span class='ocrx_word' id='word_1_130' title='bbox 139 2581 251 2620; x_wconf 66' lang='lat' dir='ltr'><strong>cum,</strong></span> <span class='ocrx_word' id='word_1_131' title='bbox 283 2567 569 2622; x_wconf 86' lang='lat' dir='ltr'><strong>philosophiae</strong></span> <span class='ocrx_word' id='word_1_132' title='bbox 588 2568 935 2609; x_wconf 77' lang='lat' dir='ltr'><strong>amantissimum.</strong></span> 
     </span>
     <span class='ocr_line' id='line_1_31' title="bbox 139 2624 938 2677; baseline 0.004 -15"><span class='ocrx_word' id='word_1_133' title='bbox 139 2626 315 2677; x_wconf 76' lang='lat' dir='ltr'><strong>Quippe</strong></span> <span class='ocrx_word' id='word_1_134' title='bbox 374 2625 616 2674; x_wconf 64' lang='lat' dir='ltr'><strong>intelligitur</strong></span> <span class='ocrx_word' id='word_1_135' title='bbox 678 2624 803 2666; x_wconf 88' lang='lat' dir='ltr'><strong>homo</strong></span> <span class='ocrx_word' id='word_1_136' title='bbox 863 2625 938 2665; x_wconf 90' lang='lat' dir='ltr'><strong>ali-</strong></span> 
     </span>
     <span class='ocr_line' id='line_1_32' title="bbox 138 2680 937 2734; baseline -0.001 -13"><span class='ocrx_word' id='word_1_137' title='bbox 138 2682 233 2734; x_wconf 86' lang='lat' dir='ltr'><strong>quis</strong></span> <span class='ocrx_word' id='word_1_138' title='bbox 262 2681 478 2721; x_wconf 86' lang='lat' dir='ltr'><strong>Eleaticae</strong></span> <span class='ocrx_word' id='word_1_139' title='bbox 507 2681 723 2723; x_wconf 86' lang='lat' dir='ltr'><strong>doctrinae</strong></span> <span class='ocrx_word' id='word_1_140' title='bbox 753 2680 937 2731; x_wconf 87' lang='lat' dir='ltr'><strong>deditus,</strong></span> 
     </span>
     <span class='ocr_line' id='line_1_33' title="bbox 140 2736 939 2779; baseline 0 -1"><span class='ocrx_word' id='word_1_141' title='bbox 140 2742 185 2778; x_wconf 92' lang='lat' dir='ltr'><strong>et</strong></span> <span class='ocrx_word' id='word_1_142' title='bbox 220 2737 263 2777; x_wconf 86' lang='lat' dir='ltr'><strong>in</strong></span> <span class='ocrx_word' id='word_1_143' title='bbox 303 2736 531 2777; x_wconf 85' lang='lat' dir='ltr'><strong>dialecticis</strong></span> <span class='ocrx_word' id='word_1_144' title='bbox 569 2738 754 2779; x_wconf 77' lang='lat' dir='ltr'><strong>maxime</strong></span> <span class='ocrx_word' id='word_1_145' title='bbox 794 2750 939 2779; x_wconf 86' lang='lat' dir='ltr'><strong>versa-</strong></span> 
     </span>
     <span class='ocr_line' id='line_1_34' title="bbox 138 2791 942 2845; baseline 0 -11"><span class='ocrx_word' id='word_1_146' title='bbox 138 2799 254 2837; x_wconf 43' lang='lat' dir='ltr'><strong>tuss</strong></span> <span class='ocrx_word' id='word_1_147' title='bbox 298 2793 439 2836; x_wconf 84' lang='lat' dir='ltr'><strong>Quem</strong></span> <span class='ocrx_word' id='word_1_148' title='bbox 486 2791 657 2845; x_wconf 87' lang='lat' dir='ltr'><strong>quidem</strong></span> <span class='ocrx_word' id='word_1_149' title='bbox 702 2794 828 2835; x_wconf 88' lang='lat' dir='ltr'><strong>Plato</strong></span> <span class='ocrx_word' id='word_1_150' title='bbox 880 2794 942 2834; x_wconf 89' lang='lat' dir='ltr'><strong>sic</strong></span> 
     </span>
     <span class='ocr_line' id='line_1_35' title="bbox 139 2849 941 2900; baseline -0.001 -8"><span class='ocrx_word' id='word_1_151' title='bbox 139 2850 306 2892; x_wconf 84' lang='lat' dir='ltr'><strong>induxit</strong></span> <span class='ocrx_word' id='word_1_152' title='bbox 343 2849 644 2900; x_wconf 79' lang='lat' dir='ltr'><strong>disserentem,</strong></span> <span class='ocrx_word' id='word_1_153' title='bbox 684 2854 732 2889; x_wconf 88' lang='lat' dir='ltr'><strong>ut</strong></span> <span class='ocrx_word' id='word_1_154' title='bbox 759 2850 941 2891; x_wconf 85' lang='lat' dir='ltr'><strong>Parme-</strong></span> 
     </span>
     <span class='ocr_line' id='line_1_36' title="bbox 141 2905 942 2958; baseline -0.002 -11"><span class='ocrx_word' id='word_1_155' title='bbox 141 2907 250 2947; x_wconf 84' lang='lat' dir='ltr'><strong>nidis</strong></span> <span class='ocrx_word' id='word_1_156' title='bbox 284 2906 337 2947; x_wconf 91' lang='lat' dir='ltr'><strong>de</strong></span> <span class='ocrx_word' id='word_1_157' title='bbox 363 2906 544 2946; x_wconf 86' lang='lat' dir='ltr'><strong>essentia</strong></span> <span class='ocrx_word' id='word_1_158' title='bbox 567 2905 807 2958; x_wconf 78' lang='lat' dir='ltr'><strong>opinionem</strong></span> <span class='ocrx_word' id='word_1_159' title='bbox 840 2919 942 2946; x_wconf 84' lang='lat' dir='ltr'><strong>exa-</strong></span> 
     </span>
     <span class='ocr_line' id='line_1_37' title="bbox 141 2962 938 3005; baseline 0 -1"><span class='ocrx_word' id='word_1_160' title='bbox 141 2964 302 3005; x_wconf 87' lang='lat' dir='ltr'><strong>minare</strong></span> <span class='ocrx_word' id='word_1_161' title='bbox 334 2967 377 3003; x_wconf 90' lang='lat' dir='ltr'><strong>et</strong></span> <span class='ocrx_word' id='word_1_162' title='bbox 407 2962 599 3003; x_wconf 86' lang='lat' dir='ltr'><strong>refellere</strong></span> <span class='ocrx_word' id='word_1_163' title='bbox 643 2963 842 3005; x_wconf 86' lang='lat' dir='ltr'><strong>instituat.</strong></span> <span class='ocrx_word' id='word_1_164' title='bbox 885 2963 938 3005; x_wconf 88' lang='lat' dir='ltr'><strong>P.</strong></span> 
     </span>
     <span class='ocr_line' id='line_1_38' title="bbox 142 3018 942 3072; baseline -0.004 -10"><span class='ocrx_word' id='word_1_165' title='bbox 142 3024 242 3062; x_wconf 80' lang='grc'><strong>241.</strong></span> <span class='ocrx_word' id='word_1_166' title='bbox 265 3021 302 3060; x_wconf 90' lang='grc' dir='ltr'><strong>Α</strong></span> <span class='ocrx_word' id='word_1_167' title='bbox 325 3031 414 3071; x_wconf 86' lang='lat' dir='ltr'><strong>sqq.</strong></span> <span class='ocrx_word' id='word_1_168' title='bbox 438 3024 481 3059; x_wconf 88' lang='lat' dir='ltr'><strong>et</strong></span> <span class='ocrx_word' id='word_1_169' title='bbox 501 3023 597 3061; x_wconf 84' lang='lat'><strong>258.</strong></span> <span class='ocrx_word' id='word_1_170' title='bbox 626 3019 661 3058; x_wconf 85' lang='lat' dir='ltr'>C</span> <span class='ocrx_word' id='word_1_171' title='bbox 679 3033 771 3072; x_wconf 86' lang='lat' dir='ltr'><strong>sqq.</strong></span> <span class='ocrx_word' id='word_1_172' title='bbox 813 3018 942 3061; x_wconf 81' lang='lat' dir='ltr'><strong>Quod</strong></span> 
     </span>
     <span class='ocr_line' id='line_1_39' title="bbox 142 3076 942 3130; baseline -0.004 -11"><span class='ocrx_word' id='word_1_173' title='bbox 142 3078 178 3119; x_wconf 83' lang='lat' dir='ltr'><strong>si</strong></span> <span class='ocrx_word' id='word_1_174' title='bbox 212 3076 377 3130; x_wconf 86' lang='lat' dir='ltr'><strong>quaeris</strong></span> <span class='ocrx_word' id='word_1_175' title='bbox 418 3089 492 3116; x_wconf 80' lang='lat' dir='ltr'><strong>cur</strong></span> <span class='ocrx_word' id='word_1_176' title='bbox 531 3076 589 3117; x_wconf 85' lang='lat' dir='ltr'><strong>ita</strong></span> <span class='ocrx_word' id='word_1_177' title='bbox 617 3078 704 3126; x_wconf 81' lang='lat' dir='ltr'><strong>fiat,</strong></span> <span class='ocrx_word' id='word_1_178' title='bbox 736 3076 776 3116; x_wconf 88' lang='lat' dir='ltr'><strong>in</strong></span> <span class='ocrx_word' id='word_1_179' title='bbox 796 3088 942 3128; x_wconf 88' lang='lat' dir='ltr'><strong>prom-</strong></span> 
     </span>
     <span class='ocr_line' id='line_1_40' title="bbox 140 3131 942 3186; baseline -0.002 -10"><span class='ocrx_word' id='word_1_180' title='bbox 140 3140 190 3177; x_wconf 88' lang='lat' dir='ltr'><strong>tu</strong></span> <span class='ocrx_word' id='word_1_181' title='bbox 219 3132 440 3186; x_wconf 82' lang='lat' dir='ltr'><strong>responsio</strong></span> <span class='ocrx_word' id='word_1_182' title='bbox 471 3137 551 3173; x_wconf 88' lang='lat' dir='ltr'><strong>est.</strong></span> <span class='ocrx_word' id='word_1_183' title='bbox 609 3131 717 3174; x_wconf 87' lang='lat' dir='ltr'><strong>Nam</strong></span> <span class='ocrx_word' id='word_1_184' title='bbox 742 3133 799 3173; x_wconf 88' lang='lat' dir='ltr'><strong>ita</strong></span> <span class='ocrx_word' id='word_1_185' title='bbox 815 3132 942 3174; x_wconf 89' lang='lat' dir='ltr'><strong>iidem</strong></span> 
     </span>
     <span class='ocr_line' id='line_1_41' title="bbox 143 3188 943 3243; baseline -0.004 -10"><span class='ocrx_word' id='word_1_186' title='bbox 143 3191 225 3242; x_wconf 84' lang='lat' dir='ltr'><strong>illi,</strong></span> <span class='ocrx_word' id='word_1_187' title='bbox 257 3189 325 3242; x_wconf 91' lang='lat' dir='ltr'><strong>qui</strong></span> <span class='ocrx_word' id='word_1_188' title='bbox 358 3188 657 3231; x_wconf 87' lang='lat' dir='ltr'><strong>Parmenidem</strong></span> <span class='ocrx_word' id='word_1_189' title='bbox 685 3202 834 3243; x_wconf 87' lang='lat' dir='ltr'><strong>presse</strong></span> <span class='ocrx_word' id='word_1_190' title='bbox 871 3201 943 3231; x_wconf 86' lang='lat' dir='ltr'><strong>se·-</strong></span> 
     </span>
     <span class='ocr_line' id='line_1_42' title="bbox 99 3245 942 3300; baseline 0 -13"><span class='ocrx_word' id='word_1_191' title='bbox 99 3258 101 3263; x_wconf 78' lang='grc'>’</span> <span class='ocrx_word' id='word_1_192' title='bbox 142 3247 405 3300; x_wconf 88' lang='lat' dir='ltr'><strong>quebantur,</strong></span> <span class='ocrx_word' id='word_1_193' title='bbox 461 3245 561 3289; x_wconf 85' lang='lat' dir='ltr'><strong>hoc.</strong></span> <span class='ocrx_word' id='word_1_194' title='bbox 601 3252 666 3288; x_wconf 86' lang='lat' dir='ltr'><strong>est</strong></span> <span class='ocrx_word' id='word_1_195' title='bbox 723 3246 942 3298; x_wconf 80' lang='lat' dir='ltr'><strong>Megarici,</strong></span> 
     </span>
     <span class='ocr_line' id='line_1_43' title="bbox 146 3302 945 3357; baseline -0.001 -13"><span class='ocrx_word' id='word_1_196' title='bbox 146 3303 232 3345; x_wconf 77' lang='lat' dir='ltr'><strong>suis</strong></span> <span class='ocrx_word' id='word_1_197' title='bbox 273 3303 460 3357; x_wconf 87' lang='lat' dir='ltr'><strong>ipsorum</strong></span> <span class='ocrx_word' id='word_1_198' title='bbox 490 3302 618 3344; x_wconf 90' lang='lat' dir='ltr'><strong>armis</strong></span> <span class='ocrx_word' id='word_1_199' title='bbox 648 3303 945 3356; x_wconf 85' lang='lat' dir='ltr'><strong>impugnantur</strong></span> 
     </span>
     <span class='ocr_line' id='line_1_44' title="bbox 144 3359 942 3412; baseline -0.001 -12"><span class='ocrx_word' id='word_1_200' title='bbox 144 3365 274 3412; x_wconf 82' lang='lat' dir='ltr'><strong>atque</strong></span> <span class='ocrx_word' id='word_1_201' title='bbox 311 3359 547 3401; x_wconf 70' lang='lat' dir='ltr'><strong>disserendi</strong></span> <span class='ocrx_word' id='word_1_202' title='bbox 585 3360 776 3401; x_wconf 83' lang='lat' dir='ltr'><strong>acumine</strong></span> <span class='ocrx_word' id='word_1_203' title='bbox 809 3360 942 3400; x_wconf 87' lang='lat' dir='ltr'><strong>subti-</strong></span> 
     </span>
     <span class='ocr_line' id='line_1_45' title="bbox 145 3416 941 3472; baseline 0 -13"><span class='ocrx_word' id='word_1_204' title='bbox 145 3416 414 3472; x_wconf 73' lang='lat' dir='ltr'><strong>lissimasque</strong></span> <span class='ocrx_word' id='word_1_205' title='bbox 469 3416 711 3461; x_wconf 81' lang='lat' dir='ltr'><strong>dialecticae</strong></span> <span class='ocrx_word' id='word_1_206' title='bbox 767 3416 941 3460; x_wconf 88' lang='lat' dir='ltr'><strong>artificio</strong></span> 
     </span>
    </p>
   </div>
   <div class='ocr_carea' id='block_1_11' title="bbox 606 1078 1817 1136">
    <p class='ocr_par' dir='ltr' id='par_1_11' title="bbox 606 1078 1817 1136">
     <span class='ocr_line' id='line_1_46' title="bbox 606 1078 1817 1136; baseline 0.005 -12"><span class='ocrx_word' id='word_1_207' title='bbox 606 1081 698 1124; x_wconf 77' lang='grc' dir='ltr'><strong>καὶ</strong></span> <span class='ocrx_word' id='word_1_208' title='bbox 731 1078 886 1126; x_wconf 78' lang='grc' dir='ltr'><strong><em>τόνδε</em></strong></span> <span class='ocrx_word' id='word_1_209' title='bbox 914 1100 940 1126; x_wconf 88' lang='grc' dir='ltr'><strong><em>τ</em></strong></span> <span class='ocrx_word' id='word_1_210' title='bbox 957 1081 1039 1125; x_wconf 81' lang='grc' dir='ltr'><strong>ινὰ</strong></span> <span class='ocrx_word' id='word_1_211' title='bbox 1062 1083 1119 1134; x_wconf 59' lang='grc' dir='ltr'><strong>ε]</strong></span> <span class='ocrx_word' id='word_1_212' title='bbox 1152 1084 1242 1126; x_wconf 91' lang='lat' dir='ltr'><strong>Pro</strong></span> <span class='ocrx_word' id='word_1_213' title='bbox 1261 1081 1357 1125; x_wconf 76' lang='grc' dir='ltr'><strong>τινὰ</strong></span> <span class='ocrx_word' id='word_1_214' title='bbox 1379 1084 1486 1128; x_wconf 89' lang='lat' dir='ltr'><strong>Ven.</strong></span> <span class='ocrx_word' id='word_1_215' title='bbox 1510 1084 1570 1129; x_wconf 88' lang='grc' dir='ltr'><strong>Π.</strong></span> <span class='ocrx_word' id='word_1_216' title='bbox 1592 1100 1701 1128; x_wconf 82' lang='lat' dir='ltr'><strong>corr.</strong></span> <span class='ocrx_word' id='word_1_217' title='bbox 1718 1083 1817 1136; x_wconf 77' lang='grc' dir='ltr'><strong>τόν.</strong></span> 
     </span>
    </p>
   </div>
   <div class='ocr_carea' id='block_1_12' title="bbox 1018 1196 1858 3471">
    <p class='ocr_par' dir='ltr' id='par_1_12' title="bbox 1018 1196 1858 3299">
     <span class='ocr_line' id='line_1_47' title="bbox 1020 1196 1816 1253; baseline 0 -13"><span class='ocrx_word' id='word_1_218' title='bbox 1020 1210 1073 1240; x_wconf 92' lang='lat' dir='ltr'><strong>eo</strong></span> <span class='ocrx_word' id='word_1_219' title='bbox 1118 1196 1426 1252; x_wconf 87' lang='lat' dir='ltr'><strong>perducuntur,</strong></span> <span class='ocrx_word' id='word_1_220' title='bbox 1481 1202 1529 1250; x_wconf 83' lang='lat' dir='ltr'><strong>ut</strong></span> <span class='ocrx_word' id='word_1_221' title='bbox 1575 1199 1655 1253; x_wconf 86' lang='lat' dir='ltr'><strong>ipsi</strong></span> <span class='ocrx_word' id='word_1_222' title='bbox 1701 1202 1816 1241; x_wconf 86' lang='lat' dir='ltr'><strong>ultro</strong></span> 
     </span>
     <span class='ocr_line' id='line_1_48' title="bbox 1020 1257 1819 1308; baseline 0.004 -13"><span class='ocrx_word' id='word_1_223' title='bbox 1020 1267 1208 1296; x_wconf 88' lang='lat' dir='ltr'><strong>errorem</strong></span> <span class='ocrx_word' id='word_1_224' title='bbox 1244 1268 1365 1296; x_wconf 89' lang='lat' dir='ltr'><strong>suum</strong></span> <span class='ocrx_word' id='word_1_225' title='bbox 1407 1268 1640 1308; x_wconf 79' lang='lat' dir='ltr'><strong>agnoscere</strong></span> <span class='ocrx_word' id='word_1_226' title='bbox 1680 1257 1819 1298; x_wconf 84' lang='lat' dir='ltr'><strong>coacti</strong></span> 
     </span>
     <span class='ocr_line' id='line_1_49' title="bbox 1019 1311 1817 1356; baseline 0.003 -4"><span class='ocrx_word' id='word_1_227' title='bbox 1019 1312 1114 1356; x_wconf 89' lang='lat' dir='ltr'><strong>sint.</strong></span> <span class='ocrx_word' id='word_1_228' title='bbox 1177 1313 1274 1355; x_wconf 81' lang='lat' dir='ltr'><strong>Qua</strong></span> <span class='ocrx_word' id='word_1_229' title='bbox 1308 1311 1458 1354; x_wconf 90' lang='lat' dir='ltr'><strong>eadem</strong></span> <span class='ocrx_word' id='word_1_230' title='bbox 1490 1313 1652 1354; x_wconf 84' lang='lat' dir='ltr'><strong>ratione</strong></span> <span class='ocrx_word' id='word_1_231' title='bbox 1688 1314 1817 1355; x_wconf 89' lang='lat' dir='ltr'><strong>Plato</strong></span> 
     </span>
     <span class='ocr_line' id='line_1_50' title="bbox 1018 1370 1816 1422; baseline 0 -12"><span class='ocrx_word' id='word_1_232' title='bbox 1018 1381 1121 1410; x_wconf 90' lang='lat' dir='ltr'><strong>usus</strong></span> <span class='ocrx_word' id='word_1_233' title='bbox 1170 1375 1236 1411; x_wconf 90' lang='lat' dir='ltr'><strong>est</strong></span> <span class='ocrx_word' id='word_1_234' title='bbox 1280 1370 1408 1410; x_wconf 89' lang='lat' dir='ltr'><strong>etiam</strong></span> <span class='ocrx_word' id='word_1_235' title='bbox 1453 1370 1494 1410; x_wconf 85' lang='lat' dir='ltr'><strong>in</strong></span> <span class='ocrx_word' id='word_1_236' title='bbox 1541 1370 1816 1422; x_wconf 86' lang='lat' dir='ltr'><strong>Parmenide,</strong></span> 
     </span>
     <span class='ocr_line' id='line_1_51' title="bbox 1018 1427 1819 1480; baseline -0.002 -11"><span class='ocrx_word' id='word_1_237' title='bbox 1018 1427 1061 1469; x_wconf 88' lang='lat' dir='ltr'><strong>in</strong></span> <span class='ocrx_word' id='word_1_238' title='bbox 1090 1439 1174 1479; x_wconf 91' lang='lat' dir='ltr'><strong>quo</strong></span> <span class='ocrx_word' id='word_1_239' title='bbox 1205 1427 1310 1468; x_wconf 90' lang='lat' dir='ltr'><strong>libro</strong></span> <span class='ocrx_word' id='word_1_240' title='bbox 1326 1427 1420 1480; x_wconf 89' lang='lat' dir='ltr'><strong>ipse</strong></span> <span class='ocrx_word' id='word_1_241' title='bbox 1439 1427 1719 1469; x_wconf 86' lang='lat' dir='ltr'><strong>Parmenides</strong></span> <span class='ocrx_word' id='word_1_242' title='bbox 1755 1427 1819 1468; x_wconf 86' lang='lat' dir='ltr'><strong>sio</strong></span> 
     </span>
     <span class='ocr_line' id='line_1_52' title="bbox 1019 1483 1818 1537; baseline 0.001 -13"><span class='ocrx_word' id='word_1_243' title='bbox 1019 1483 1230 1537; x_wconf 89' lang='lat' dir='ltr'><strong>disputat,</strong></span> <span class='ocrx_word' id='word_1_244' title='bbox 1265 1488 1314 1524; x_wconf 91' lang='lat' dir='ltr'><strong>ut</strong></span> <span class='ocrx_word' id='word_1_245' title='bbox 1341 1483 1534 1525; x_wconf 87' lang='lat' dir='ltr'><strong>Platonis</strong></span> <span class='ocrx_word' id='word_1_246' title='bbox 1564 1485 1818 1526; x_wconf 81' lang='lat' dir='ltr'><strong>sententiam</strong></span> 
     </span>
     <span class='ocr_line' id='line_1_53' title="bbox 1018 1540 1815 1594; baseline 0 -12"><span class='ocrx_word' id='word_1_247' title='bbox 1018 1541 1213 1594; x_wconf 86' lang='lat' dir='ltr'><strong>illustret,</strong></span> <span class='ocrx_word' id='word_1_248' title='bbox 1270 1540 1519 1594; x_wconf 78' lang='lat' dir='ltr'><strong>patefaciat,</strong></span> <span class='ocrx_word' id='word_1_249' title='bbox 1579 1543 1815 1588; x_wconf 74' lang='lat' dir='ltr'><strong>confirmet.</strong></span> 
     </span>
     <span class='ocr_line' id='line_1_54' title="bbox 1018 1597 1817 1652; baseline -0.001 -13"><span class='ocrx_word' id='word_1_250' title='bbox 1018 1597 1190 1639; x_wconf 88' lang='lat' dir='ltr'><strong>Etenim</strong></span> <span class='ocrx_word' id='word_1_251' title='bbox 1231 1597 1400 1650; x_wconf 76' lang='lat' dir='ltr'><strong>egregie</strong></span> <span class='ocrx_word' id='word_1_252' title='bbox 1429 1597 1698 1652; x_wconf 87' lang='lat' dir='ltr'><strong>philosophus</strong></span> <span class='ocrx_word' id='word_1_253' title='bbox 1732 1599 1817 1639; x_wconf 90' lang='lat' dir='ltr'><strong>isto</strong></span> 
     </span>
     <span class='ocr_line' id='line_1_55' title="bbox 1018 1654 1817 1709; baseline -0.001 -13"><span class='ocrx_word' id='word_1_254' title='bbox 1018 1654 1150 1696; x_wconf 90' lang='lat' dir='ltr'><strong>modo</strong></span> <span class='ocrx_word' id='word_1_255' title='bbox 1181 1654 1429 1707; x_wconf 70' lang='lat' dir='ltr'><strong>significavit</strong></span> <span class='ocrx_word' id='word_1_256' title='bbox 1465 1655 1554 1697; x_wconf 90' lang='lat' dir='ltr'><strong>fieri</strong></span> <span class='ocrx_word' id='word_1_257' title='bbox 1595 1668 1679 1697; x_wconf 88' lang='lat' dir='ltr'><strong>uon</strong></span> <span class='ocrx_word' id='word_1_258' title='bbox 1712 1669 1817 1709; x_wconf 71' lang='lat' dir='ltr'><strong>pos-</strong></span> 
     </span>
     <span class='ocr_line' id='line_1_56' title="bbox 1019 1710 1819 1764; baseline 0.003 -13"><span class='ocrx_word' id='word_1_259' title='bbox 1019 1725 1093 1757; x_wconf 79' lang='lat' dir='ltr'><strong>se.</strong></span> <span class='ocrx_word' id='word_1_260' title='bbox 1133 1712 1230 1764; x_wconf 87' lang='lat' dir='ltr'><strong>quin</strong></span> <span class='ocrx_word' id='word_1_261' title='bbox 1270 1712 1340 1764; x_wconf 91' lang='lat' dir='ltr'><strong>qui</strong></span> <span class='ocrx_word' id='word_1_262' title='bbox 1370 1710 1615 1754; x_wconf 89' lang='lat' dir='ltr'><strong>Eleatarum</strong></span> <span class='ocrx_word' id='word_1_263' title='bbox 1646 1717 1819 1753; x_wconf 77' lang='lat' dir='ltr'><strong>senten-</strong></span> 
     </span>
     <span class='ocr_line' id='line_1_57' title="bbox 1018 1769 1858 1821; baseline 0.001 -11"><span class='ocrx_word' id='word_1_264' title='bbox 1018 1769 1123 1810; x_wconf 87' lang='lat' dir='ltr'><strong>tiam</strong></span> <span class='ocrx_word' id='word_1_265' title='bbox 1152 1774 1347 1810; x_wconf 82' lang='lat' dir='ltr'><strong>accurate</strong></span> <span class='ocrx_word' id='word_1_266' title='bbox 1382 1769 1645 1821; x_wconf 81' lang='lat' dir='ltr'><strong>examinent,</strong></span> <span class='ocrx_word' id='word_1_267' title='bbox 1678 1769 1708 1810; x_wconf 85' lang='lat' dir='ltr'><strong>ii</strong></span> <span class='ocrx_word' id='word_1_268' title='bbox 1738 1769 1819 1811; x_wconf 87' lang='lat' dir='ltr'><strong>de·-</strong></span> <span class='ocrx_word' id='word_1_269' title='bbox 1856 1775 1858 1777; x_wconf 74' lang='grc'><strong><em>’</em></strong></span> 
     </span>
     <span class='ocr_line' id='line_1_58' title="bbox 1018 1826 1818 1879; baseline 0.001 -12"><span class='ocrx_word' id='word_1_270' title='bbox 1018 1827 1142 1878; x_wconf 87' lang='lat' dir='ltr'><strong>nique</strong></span> <span class='ocrx_word' id='word_1_271' title='bbox 1174 1830 1326 1879; x_wconf 90' lang='lat' dir='ltr'><strong>sponte</strong></span> <span class='ocrx_word' id='word_1_272' title='bbox 1358 1826 1605 1879; x_wconf 84' lang='lat' dir='ltr'><strong>perveniant</strong></span> <span class='ocrx_word' id='word_1_273' title='bbox 1635 1826 1690 1867; x_wconf 88' lang='lat' dir='ltr'><strong>ad</strong></span> <span class='ocrx_word' id='word_1_274' title='bbox 1721 1839 1818 1868; x_wconf 86' lang='lat' dir='ltr'><strong>eam</strong></span> 
     </span>
     <span class='ocr_line' id='line_1_59' title="bbox 1019 1882 1818 1937; baseline 0 -13"><span class='ocrx_word' id='word_1_275' title='bbox 1019 1885 1251 1934; x_wconf 84' lang='lat' dir='ltr'><strong>rationem,</strong></span> <span class='ocrx_word' id='word_1_276' title='bbox 1298 1895 1424 1934; x_wconf 84' lang='lat' dir='ltr'><strong>quam</strong></span> <span class='ocrx_word' id='word_1_277' title='bbox 1461 1882 1553 1937; x_wconf 81' lang='lat' dir='ltr'><strong>ipse</strong></span> <span class='ocrx_word' id='word_1_278' title='bbox 1591 1896 1668 1937; x_wconf 92' lang='lat' dir='ltr'><strong>pro</strong></span> <span class='ocrx_word' id='word_1_279' title='bbox 1716 1896 1818 1924; x_wconf 85' lang='lat' dir='ltr'><strong>vera</strong></span> 
     </span>
     <span class='ocr_line' id='line_1_60' title="bbox 1018 1940 1819 1994; baseline -0.001 -12"><span class='ocrx_word' id='word_1_280' title='bbox 1018 1946 1218 1993; x_wconf 87' lang='lat' dir='ltr'><strong>rectaque</strong></span> <span class='ocrx_word' id='word_1_281' title='bbox 1241 1941 1461 1994; x_wconf 85' lang='lat' dir='ltr'><strong>probabat.</strong></span> <span class='ocrx_word' id='word_1_282' title='bbox 1522 1940 1645 1981; x_wconf 85' lang='lat' dir='ltr'><strong>Haec</strong></span> <span class='ocrx_word' id='word_1_283' title='bbox 1673 1945 1819 1981; x_wconf 85' lang='lat' dir='ltr'><strong>autem</strong></span> 
     </span>
     <span class='ocr_line' id='line_1_61' title="bbox 1018 1996 1819 2051; baseline 0.001 -13"><span class='ocrx_word' id='word_1_284' title='bbox 1018 2009 1147 2051; x_wconf 88' lang='lat' dir='ltr'><strong>quum</strong></span> <span class='ocrx_word' id='word_1_285' title='bbox 1182 1998 1241 2037; x_wconf 89' lang='lat' dir='ltr'><strong>ita</strong></span> <span class='ocrx_word' id='word_1_286' title='bbox 1281 2009 1378 2038; x_wconf 89' lang='lat' dir='ltr'><strong>sese</strong></span> <span class='ocrx_word' id='word_1_287' title='bbox 1412 1996 1618 2048; x_wconf 86' lang='lat' dir='ltr'><strong>habeant,</strong></span> <span class='ocrx_word' id='word_1_288' title='bbox 1656 2009 1738 2038; x_wconf 86' lang='lat' dir='ltr'><strong>nec</strong></span> <span class='ocrx_word' id='word_1_289' title='bbox 1765 1997 1819 2039; x_wconf 78' lang='lat' dir='ltr'><strong>il-</strong></span> 
     </span>
     <span class='ocr_line' id='line_1_62' title="bbox 1019 2053 1818 2106; baseline -0.004 -10"><span class='ocrx_word' id='word_1_290' title='bbox 1019 2055 1091 2096; x_wconf 89' lang='lat' dir='ltr'><strong>lud</strong></span> <span class='ocrx_word' id='word_1_291' title='bbox 1135 2055 1326 2106; x_wconf 84' lang='lat' dir='ltr'><strong>cuiquam</strong></span> <span class='ocrx_word' id='word_1_292' title='bbox 1383 2053 1536 2094; x_wconf 81' lang='lat' dir='ltr'><strong>mirum</strong></span> <span class='ocrx_word' id='word_1_293' title='bbox 1593 2054 1818 2105; x_wconf 74' lang='lat' dir='ltr'><strong>videbitur,</strong></span> 
     </span>
     <span class='ocr_line' id='line_1_63' title="bbox 1018 2109 1818 2165; baseline -0.003 -13"><span class='ocrx_word' id='word_1_294' title='bbox 1018 2111 1133 2165; x_wconf 88' lang='lat' dir='ltr'><strong>quod</strong></span> <span class='ocrx_word' id='word_1_295' title='bbox 1170 2111 1312 2152; x_wconf 85' lang='lat' dir='ltr'><strong>multis</strong></span> <span class='ocrx_word' id='word_1_296' title='bbox 1344 2111 1564 2150; x_wconf 83' lang='lat' dir='ltr'><strong>offensioni</strong></span> <span class='ocrx_word' id='word_1_297' title='bbox 1594 2110 1696 2158; x_wconf 82' lang='lat' dir='ltr'><strong>fuit,</strong></span> <span class='ocrx_word' id='word_1_298' title='bbox 1739 2109 1818 2150; x_wconf 89' lang='lat' dir='ltr'><strong>ho-</strong></span> 
     </span>
     <span class='ocr_line' id='line_1_64' title="bbox 1021 2167 1818 2223; baseline -0.003 -14"><span class='ocrx_word' id='word_1_299' title='bbox 1021 2169 1171 2223; x_wconf 88' lang='lat' dir='ltr'><strong>spitem</strong></span> <span class='ocrx_word' id='word_1_300' title='bbox 1195 2169 1323 2209; x_wconf 79' lang='lat' dir='ltr'><strong>istum</strong></span> <span class='ocrx_word' id='word_1_301' title='bbox 1342 2167 1592 2219; x_wconf 79' lang='lat' dir='ltr'><strong>Eleaticum,</strong></span> <span class='ocrx_word' id='word_1_302' title='bbox 1627 2167 1706 2208; x_wconf 77' lang='lat' dir='ltr'><strong>etsi</strong></span> <span class='ocrx_word' id='word_1_303' title='bbox 1737 2168 1818 2209; x_wconf 76' lang='lat' dir='ltr'><strong>uii-</strong></span> 
     </span>
     <span class='ocr_line' id='line_1_65' title="bbox 1020 2224 1818 2277; baseline -0.005 -10"><span class='ocrx_word' id='word_1_304' title='bbox 1020 2239 1099 2267; x_wconf 84' lang='lat' dir='ltr'><strong>nus</strong></span> <span class='ocrx_word' id='word_1_305' title='bbox 1132 2225 1284 2266; x_wconf 89' lang='lat' dir='ltr'><strong>ceteris</strong></span> <span class='ocrx_word' id='word_1_306' title='bbox 1322 2224 1528 2277; x_wconf 85' lang='lat' dir='ltr'><strong>litigiosus</strong></span> <span class='ocrx_word' id='word_1_307' title='bbox 1566 2229 1609 2265; x_wconf 91' lang='lat' dir='ltr'><strong>et</strong></span> <span class='ocrx_word' id='word_1_308' title='bbox 1640 2228 1818 2265; x_wconf 88' lang='lat' dir='ltr'><strong>conten-</strong></span> 
     </span>
     <span class='ocr_line' id='line_1_66' title="bbox 1020 2282 1824 2334; baseline -0.001 -10"><span class='ocrx_word' id='word_1_309' title='bbox 1020 2284 1156 2324; x_wconf 88' lang='lat' dir='ltr'><strong>tiosus</strong></span> <span class='ocrx_word' id='word_1_310' title='bbox 1195 2282 1347 2330; x_wconf 69' lang='lat' dir='ltr'><strong>dieitur</strong></span> <span class='ocrx_word' id='word_1_311' title='bbox 1390 2294 1510 2333; x_wconf 81' lang='lat' dir='ltr'><strong>esse,</strong></span> <span class='ocrx_word' id='word_1_312' title='bbox 1560 2286 1705 2322; x_wconf 86' lang='lat' dir='ltr'><strong>tamen</strong></span> <span class='ocrx_word' id='word_1_313' title='bbox 1746 2293 1824 2334; x_wconf 86' lang='lat' dir='ltr'><strong>per</strong></span> 
     </span>
     <span class='ocr_line' id='line_1_67' title="bbox 1021 2338 1824 2391; baseline -0.004 -10"><span class='ocrx_word' id='word_1_314' title='bbox 1021 2345 1159 2381; x_wconf 88' lang='lat' dir='ltr'><strong>totum</strong></span> <span class='ocrx_word' id='word_1_315' title='bbox 1205 2350 1446 2379; x_wconf 83' lang='lat' dir='ltr'><strong>sermonem</strong></span> <span class='ocrx_word' id='word_1_316' title='bbox 1485 2351 1537 2379; x_wconf 90' lang='lat' dir='ltr'><strong>eo</strong></span> <span class='ocrx_word' id='word_1_317' title='bbox 1574 2339 1638 2379; x_wconf 84' lang='lat' dir='ltr'><strong>uti</strong></span> <span class='ocrx_word' id='word_1_318' title='bbox 1676 2338 1824 2391; x_wconf 82' lang='lat' dir='ltr'><strong>dispu-</strong></span> 
     </span>
     <span class='ocr_line' id='line_1_68' title="bbox 1022 2394 1826 2449; baseline -0.004 -11"><span class='ocrx_word' id='word_1_319' title='bbox 1022 2397 1138 2438; x_wconf 85' lang='lat' dir='ltr'><strong>tandi</strong></span> <span class='ocrx_word' id='word_1_320' title='bbox 1168 2408 1349 2449; x_wconf 74' lang='lat' dir='ltr'><strong>genere,</strong></span> <span class='ocrx_word' id='word_1_321' title='bbox 1390 2394 1502 2448; x_wconf 89' lang='lat' dir='ltr'><strong>quod</strong></span> <span class='ocrx_word' id='word_1_322' title='bbox 1534 2394 1587 2436; x_wconf 88' lang='lat' dir='ltr'><strong>ad</strong></span> <span class='ocrx_word' id='word_1_323' title='bbox 1619 2395 1826 2436; x_wconf 83' lang='lat' dir='ltr'><strong>ridendos</strong></span> 
     </span>
     <span class='ocr_line' id='line_1_69' title="bbox 1024 2451 1826 2505; baseline -0.004 -10"><span class='ocrx_word' id='word_1_324' title='bbox 1024 2453 1362 2505; x_wconf 83' lang='lat' dir='ltr'><strong>cavillandosque</strong></span> <span class='ocrx_word' id='word_1_325' title='bbox 1392 2457 1567 2504; x_wconf 77' lang='lat' dir='ltr'><strong>argutos</strong></span> <span class='ocrx_word' id='word_1_326' title='bbox 1597 2452 1703 2492; x_wconf 84' lang='lat' dir='ltr'><strong>istos</strong></span> <span class='ocrx_word' id='word_1_327' title='bbox 1735 2451 1826 2493; x_wconf 86' lang='lat' dir='ltr'><strong>dis—-</strong></span> 
     </span>
     <span class='ocr_line' id='line_1_70' title="bbox 1023 2510 1825 2565; baseline -0.001 -14"><span class='ocrx_word' id='word_1_328' title='bbox 1023 2515 1242 2565; x_wconf 86' lang='lat' dir='ltr'><strong>putatores</strong></span> <span class='ocrx_word' id='word_1_329' title='bbox 1298 2510 1469 2561; x_wconf 73' lang='lat' dir='ltr'><strong>egregie</strong></span> <span class='ocrx_word' id='word_1_330' title='bbox 1533 2515 1825 2562; x_wconf 86' lang='lat' dir='ltr'><strong>comparatum</strong></span> 
     </span>
     <span class='ocr_line' id='line_1_71' title="bbox 1025 2565 1824 2618; baseline -0.003 -10"><span class='ocrx_word' id='word_1_331' title='bbox 1025 2569 1092 2610; x_wconf 89' lang='lat' dir='ltr'><strong>sit.</strong></span> <span class='ocrx_word' id='word_1_332' title='bbox 1160 2567 1270 2609; x_wconf 88' lang='lat' dir='ltr'><strong>Nam</strong></span> <span class='ocrx_word' id='word_1_333' title='bbox 1315 2565 1530 2607; x_wconf 85' lang='lat' dir='ltr'><strong>Eleaticus</strong></span> <span class='ocrx_word' id='word_1_334' title='bbox 1584 2565 1648 2606; x_wconf 89' lang='lat' dir='ltr'><strong>hic</strong></span> <span class='ocrx_word' id='word_1_335' title='bbox 1695 2578 1824 2618; x_wconf 85' lang='lat' dir='ltr'><strong>quum</strong></span> 
     </span>
     <span class='ocr_line' id='line_1_72' title="bbox 1023 2621 1824 2679; baseline -0.007 -13"><span class='ocrx_word' id='word_1_336' title='bbox 1023 2626 1147 2679; x_wconf 90' lang='lat' dir='ltr'><strong>plane</strong></span> <span class='ocrx_word' id='word_1_337' title='bbox 1184 2623 1448 2664; x_wconf 87' lang='lat' dir='ltr'><strong>dialecticam</strong></span> <span class='ocrx_word' id='word_1_338' title='bbox 1491 2621 1660 2663; x_wconf 87' lang='lat' dir='ltr'><strong>scholae</strong></span> <span class='ocrx_word' id='word_1_339' title='bbox 1705 2623 1824 2662; x_wconf 82' lang='lat' dir='ltr'><strong>istius</strong></span> 
     </span>
     <span class='ocr_line' id='line_1_73' title="bbox 1025 2679 1823 2731; baseline -0.003 -10"><span class='ocrx_word' id='word_1_340' title='bbox 1025 2679 1373 2721; x_wconf 86' lang='lat' dir='ltr'><strong>consuetudinem</strong></span> <span class='ocrx_word' id='word_1_341' title='bbox 1419 2684 1637 2731; x_wconf 82' lang='lat' dir='ltr'><strong>sequatur,</strong></span> <span class='ocrx_word' id='word_1_342' title='bbox 1677 2683 1823 2720; x_wconf 83' lang='lat' dir='ltr'><strong>tamen</strong></span> 
     </span>
     <span class='ocr_line' id='line_1_74' title="bbox 1025 2735 1826 2791; baseline -0.001 -13"><span class='ocrx_word' id='word_1_343' title='bbox 1025 2739 1122 2791; x_wconf 87' lang='lat' dir='ltr'><strong>quia</strong></span> <span class='ocrx_word' id='word_1_344' title='bbox 1168 2737 1338 2789; x_wconf 78' lang='lat' dir='ltr'><strong>fingitur</strong></span> <span class='ocrx_word' id='word_1_345' title='bbox 1396 2735 1656 2776; x_wconf 84' lang='lat' dir='ltr'><strong>mansuetior</strong></span> <span class='ocrx_word' id='word_1_346' title='bbox 1698 2740 1826 2786; x_wconf 78' lang='lat' dir='ltr'><strong>atque</strong></span> 
     </span>
     <span class='ocr_line' id='line_1_75' title="bbox 1024 2791 1823 2843; baseline -0.004 -8"><span class='ocrx_word' id='word_1_347' title='bbox 1024 2794 1159 2836; x_wconf 87' lang='lat' dir='ltr'><strong>lenior</strong></span> <span class='ocrx_word' id='word_1_348' title='bbox 1213 2793 1364 2833; x_wconf 87' lang='lat' dir='ltr'><strong>ceteris</strong></span> <span class='ocrx_word' id='word_1_349' title='bbox 1417 2792 1620 2842; x_wconf 83' lang='lat' dir='ltr'><strong>eristicis,</strong></span> <span class='ocrx_word' id='word_1_350' title='bbox 1674 2791 1823 2843; x_wconf 84' lang='lat' dir='ltr'><strong>utique</strong></span> 
     </span>
     <span class='ocr_line' id='line_1_76' title="bbox 1024 2847 1826 2903; baseline -0.002 -13"><span class='ocrx_word' id='word_1_351' title='bbox 1024 2850 1163 2903; x_wconf 88' lang='lat' dir='ltr'><strong>potuit</strong></span> <span class='ocrx_word' id='word_1_352' title='bbox 1212 2847 1448 2889; x_wconf 85' lang='lat' dir='ltr'><strong>concedere</strong></span> <span class='ocrx_word' id='word_1_353' title='bbox 1496 2852 1621 2900; x_wconf 87' lang='lat' dir='ltr'><strong>atque</strong></span> <span class='ocrx_word' id='word_1_354' title='bbox 1681 2847 1826 2900; x_wconf 77' lang='lat' dir='ltr'><strong>largiri</strong></span> 
     </span>
     <span class='ocr_line' id='line_1_77' title="bbox 1025 2904 1826 2947; baseline -0.002 -1"><span class='ocrx_word' id='word_1_355' title='bbox 1025 2905 1293 2947; x_wconf 86' lang='lat' dir='ltr'><strong>Parmenidis</strong></span> <span class='ocrx_word' id='word_1_356' title='bbox 1340 2905 1547 2945; x_wconf 85' lang='lat' dir='ltr'><strong>rationem</strong></span> <span class='ocrx_word' id='word_1_357' title='bbox 1594 2904 1826 2945; x_wconf 84' lang='lat' dir='ltr'><strong>emendan-</strong></span> 
     </span>
     <span class='ocr_line' id='line_1_78' title="bbox 1028 2961 1827 3014; baseline 0.001 -12"><span class='ocrx_word' id='word_1_358' title='bbox 1028 2963 1124 3003; x_wconf 86' lang='lat' dir='ltr'><strong>dam</strong></span> <span class='ocrx_word' id='word_1_359' title='bbox 1155 2974 1252 3002; x_wconf 87' lang='lat' dir='ltr'><strong>esse</strong></span> <span class='ocrx_word' id='word_1_360' title='bbox 1292 2966 1337 3002; x_wconf 88' lang='lat' dir='ltr'><strong>et</strong></span> <span class='ocrx_word' id='word_1_361' title='bbox 1377 2961 1430 3001; x_wconf 87' lang='lat' dir='ltr'><strong>ad</strong></span> <span class='ocrx_word' id='word_1_362' title='bbox 1462 2961 1665 3002; x_wconf 87' lang='lat' dir='ltr'><strong>maiorem</strong></span> <span class='ocrx_word' id='word_1_363' title='bbox 1692 2974 1827 3014; x_wconf 85' lang='lat' dir='ltr'><strong>quan-</strong></span> 
     </span>
     <span class='ocr_line' id='line_1_79' title="bbox 1027 3017 1820 3072; baseline 0.004 -13"><span class='ocrx_word' id='word_1_364' title='bbox 1027 3019 1126 3060; x_wconf 87' lang='lat' dir='ltr'><strong>dam</strong></span> <span class='ocrx_word' id='word_1_365' title='bbox 1155 3017 1457 3072; x_wconf 86' lang='lat' dir='ltr'><strong>perfectionem</strong></span> <span class='ocrx_word' id='word_1_366' title='bbox 1492 3018 1820 3071; x_wconf 81' lang='lat' dir='ltr'><strong>provehendam.</strong></span> 
     </span>
     <span class='ocr_line' id='line_1_80' title="bbox 1027 3074 1825 3118; baseline 0.003 -2"><span class='ocrx_word' id='word_1_367' title='bbox 1027 3074 1116 3116; x_wconf 84' lang='lat' dir='ltr'><strong>Sed</strong></span> <span class='ocrx_word' id='word_1_368' title='bbox 1155 3075 1260 3116; x_wconf 90' lang='lat' dir='ltr'><strong>haec</strong></span> <span class='ocrx_word' id='word_1_369' title='bbox 1301 3074 1442 3115; x_wconf 86' lang='lat' dir='ltr'><strong>omnia</strong></span> <span class='ocrx_word' id='word_1_370' title='bbox 1479 3075 1654 3116; x_wconf 85' lang='lat' dir='ltr'><strong>clariora</strong></span> <span class='ocrx_word' id='word_1_371' title='bbox 1697 3075 1825 3118; x_wconf 86' lang='lat' dir='ltr'><strong>etiam</strong></span> 
     </span>
     <span class='ocr_line' id='line_1_81' title="bbox 1026 3129 1826 3184; baseline 0.001 -11"><span class='ocrx_word' id='word_1_372' title='bbox 1026 3133 1127 3173; x_wconf 87' lang='lat' dir='ltr'><strong>fient</strong></span> <span class='ocrx_word' id='word_1_373' title='bbox 1156 3136 1200 3174; x_wconf 87' lang='lat' dir='ltr'><strong>et</strong></span> <span class='ocrx_word' id='word_1_374' title='bbox 1221 3129 1495 3182; x_wconf 84' lang='lat' dir='ltr'><strong>evidentiora,</strong></span> <span class='ocrx_word' id='word_1_375' title='bbox 1526 3131 1611 3184; x_wconf 86' lang='lat' dir='ltr'><strong>ubi,</strong></span> <span class='ocrx_word' id='word_1_376' title='bbox 1647 3144 1755 3184; x_wconf 86' lang='lat' dir='ltr'><strong>quae</strong></span> <span class='ocrx_word' id='word_1_377' title='bbox 1785 3133 1826 3174; x_wconf 88' lang='lat' dir='ltr'><strong>in</strong></span> 
     </span>
     <span class='ocr_line' id='line_1_82' title="bbox 1026 3188 1827 3241; baseline 0.002 -12"><span class='ocrx_word' id='word_1_378' title='bbox 1026 3188 1350 3240; x_wconf 83' lang='lat' dir='ltr'><strong>Prolegomenis</strong></span> <span class='ocrx_word' id='word_1_379' title='bbox 1409 3188 1678 3241; x_wconf 78' lang='lat' dir='ltr'><strong>scripsimus,</strong></span> <span class='ocrx_word' id='word_1_380' title='bbox 1731 3188 1827 3232; x_wconf 88' lang='lat' dir='ltr'><strong>dili-</strong></span> 
     </span>
     <span class='ocr_line' id='line_1_83' title="bbox 1026 3245 1526 3299; baseline 0.008 -14"><span class='ocrx_word' id='word_1_381' title='bbox 1026 3250 1176 3299; x_wconf 86' lang='lat' dir='ltr'><strong>genter</strong></span> <span class='ocrx_word' id='word_1_382' title='bbox 1205 3245 1526 3298; x_wconf 83' lang='lat' dir='ltr'><strong>comparaveris.</strong></span> 
     </span>
    </p>

    <p class='ocr_par' dir='ltr' id='par_1_13' title="bbox 1027 3299 1823 3471">
     <span class='ocr_line' id='line_1_84' title="bbox 1087 3299 1819 3357; baseline 0.001 -15"><span class='ocrx_word' id='word_1_383' title='bbox 1087 3302 1315 3355; x_wconf 78' lang='grc' dir='ltr'><strong><em>κοσμίως</em></strong></span> <span class='ocrx_word' id='word_1_384' title='bbox 1340 3323 1398 3332; x_wconf 90' lang='lat'><strong>-—</strong></span> <span class='ocrx_word' id='word_1_385' title='bbox 1426 3299 1654 3357; x_wconf 75' lang='grc' dir='ltr'><strong><em>ἄγομεν]</em></strong></span> <span class='ocrx_word' id='word_1_386' title='bbox 1687 3301 1747 3346; x_wconf 83' lang='grc' dir='ltr'><strong>Η.</strong></span> <span class='ocrx_word' id='word_1_387' title='bbox 1780 3314 1819 3344; x_wconf 83' lang='lat' dir='ltr'><strong>e.</strong></span> 
     </span>
     <span class='ocr_line' id='line_1_85' title="bbox 1027 3361 1823 3413; baseline 0 -14"><span class='ocrx_word' id='word_1_388' title='bbox 1027 3363 1075 3400; x_wconf 88' lang='lat' dir='ltr'><strong>ut</strong></span> <span class='ocrx_word' id='word_1_389' title='bbox 1103 3371 1178 3411; x_wconf 89' lang='lat' dir='ltr'><strong>par</strong></span> <span class='ocrx_word' id='word_1_390' title='bbox 1207 3363 1288 3409; x_wconf 82' lang='lat' dir='ltr'><strong>est,</strong></span> <span class='ocrx_word' id='word_1_391' title='bbox 1320 3371 1374 3401; x_wconf 83' lang='lat' dir='ltr'><strong>ex</strong></span> <span class='ocrx_word' id='word_1_392' title='bbox 1392 3361 1644 3413; x_wconf 85' lang='lat' dir='ltr'><strong>composito,</strong></span> <span class='ocrx_word' id='word_1_393' title='bbox 1675 3365 1722 3400; x_wconf 87' lang='lat' dir='ltr'><strong>ut</strong></span> <span class='ocrx_word' id='word_1_394' title='bbox 1751 3371 1823 3399; x_wconf 86' lang='lat' dir='ltr'><strong>ur-</strong></span> 
     </span>
     <span class='ocr_line' id='line_1_86' title="bbox 1027 3416 1823 3471; baseline -0.003 -13"><span class='ocrx_word' id='word_1_395' title='bbox 1027 3416 1198 3459; x_wconf 86' lang='lat' dir='ltr'><strong>banitati</strong></span> <span class='ocrx_word' id='word_1_396' title='bbox 1228 3417 1436 3470; x_wconf 79' lang='lat' dir='ltr'><strong>convenit,</strong></span> <span class='ocrx_word' id='word_1_397' title='bbox 1465 3417 1646 3471; x_wconf 86' lang='lat' dir='ltr'><strong>ideoque</strong></span> <span class='ocrx_word' id='word_1_398' title='bbox 1676 3417 1823 3458; x_wconf 78' lang='lat' dir='ltr'><strong>volun·-</strong></span> 
     </span>
    </p>
   </div>
  </div>
 </body>
</html>
