2028 3750
721 194 809 248 AD
846 192 1246 245 SOPHISTAM.
1745 190 1817 242 29

147 339 308 391 oratio
358 339 465 388 sine
512 337 734 388 idearum
790 335 1122 400 copulatione.
1192 331 1464 382 Praeterea
1507 347 1627 383 vero
1665 333 1816 383 etiam

149 412 214 459 de
251 411 476 473 oratione
521 426 651 458 nune
697 408 793 456 alia
844 409 908 455 de
944 422 1119 454 caussa
1155 404 1490 468 quaerendum
1527 411 1618 453 est.
1689 404 1816 453 Nam

149 497 298 545 quum
335 475 397 530 τὸ
435 475 512 546 μὴ
549 470 614 530 ὄν
651 478 938 544 apparuerit
982 492 1096 526 esse
1131 491 1282 524 unum
1331 489 1393 522 ex
1427 475 1693 538 generibus
1731 489 1815 523 re-

145 550 294 616 liquis
345 567 438 616 per
488 551 650 598 omnia
701 551 1007 613 dispersum,
1063 562 1193 595 nune
1243 546 1565 608 exquisivisse
1612 546 1815 606 iuvabit,

144 638 264 672 num
320 637 434 670 cum
494 621 678 669 iudicio
729 625 781 667 et
834 619 1058 667 oratione
1118 617 1517 665 commisceatur.
1599 615 1721 665 Nam
1769 616 1816 665 si

144 708 259 742 cum
294 691 375 740 his
412 706 509 739 non
547 692 926 748 commiscetur,
976 688 1139 737 omnia
1171 703 1290 735 vera
1326 687 1425 736 sint
1458 703 1670 736 necesse
1704 690 1816 747 est3

145 764 224 812 sin
248 763 616 822 commiscetur,
653 767 706 809 et
731 760 966 808 iudicium
1004 758 1188 806 falsum
1225 773 1339 806 esse
1374 759 1564 822 poterit
1600 762 1652 806 et
1688 757 1818 807 falsa

146 835 321 883 oratio.
393 833 505 881 Hoc
539 837 706 880 autem
744 831 788 880 si
823 835 930 889 est,
969 831 1116 878 etiam
1153 827 1319 876 fraudi
1357 835 1409 877 et
1447 829 1722 878 simulacris
1760 830 1817 877 et

144 904 444 968 imaginibus
481 903 621 952 locus
659 917 928 949 concessus
967 901 1077 948 erit.
1152 899 1350 962 Quippe
1390 899 1488 948 huc
1526 916 1580 948 se
1601 899 1818 949 abdebat

146 980 293 1023 antea
325 973 580 1038 Sophista,
619 973 691 1020 ita
726 978 920 1030 tamen,
958 975 1015 1019 ut
1047 969 1220 1017 salsam
1260 970 1541 1032 opinionem
1581 976 1666 1019 aut
1703 985 1816 1019 ora-

142 1046 333 1119 tionem
375 1060 495 1091 esse
541 1058 694 1108 posse
743 1042 940 1090 omniuo
984 1045 1219 1104 negaret,
1263 1045 1535 1103 propterea
1579 1040 1817 1105 quodid,

146 1109 304 1179 quod
325 1129 423 1163 non
471 1118 636 1174 esset,
689 1113 886 1160 omnino
938 1111 1147 1175 cogitari
1207 1110 1404 1173 dicique
1462 1127 1576 1159 non
1617 1111 1817 1162 liceret.

145 1185 243 1236 Nu.
236 1199 291 1235 ιο
324 1199 445 1233 vero
480 1185 609 1233 hanc
645 1184 846 1246 quidem
883 1183 1164 1264 opinionem
1203 1196 1411 1245 prorsus
1438 1182 1819 1244 confutavimus,

144 1257 394 1321 siquidem
442 1256 674 1320 apparuit
721 1248 782 1303 τὸ
831 1246 907 1318 μὴ
961 1246 1024 1302 ὅν
1073 1269 1182 1300 cum
1221 1267 1283 1299 eo
1322 1252 1451 1315 quod
1494 1259 1573 1301 est
1612 1254 1819 1301 coniun-

148 1332 284 1377 ctum
321 1342 436 1375 esse
466 1332 620 1408 atque
655 1325 954 1390 copulatum.
1026 1321 1271 1371 Fortasse
1316 1329 1480 1370 autem
1530 1324 1704 1387 aliquis
1742 1322 1819 1372 di-

145 1399 294 1458 xerit,
331 1390 394 1448 τὸ
430 1414 506 1463 μη
544 1392 608 1445 ὠν
643 1411 742 1443 non
784 1410 935 1459 posse
962 1410 1072 1441 cum
1103 1394 1329 1440 oratione
1351 1398 1403 1441 et
1422 1393 1604 1441 iudicio
1632 1387 1816 1463 (δόξῃ)

117 1469 406 1531 coniungi,
454 1468 672 1529 ideoque
722 1466 1096 1512 simulacrorum
1144 1469 1196 1511 et
1240 1465 1456 1512 visorum
1495 1465 1818 1528 effingendo-

145 1545 258 1588 'rum
293 1544 448 1587 artem
486 1537 667 1584 nullam
706 1536 931 1600 reperiri.
1004 1535 1335 1594 Quamobrem
1373 1537 1580 1598 primum
1620 1535 1820 1600 quidem

148 1609 263 1674 quid
316 1611 380 1657 sit
415 1607 650 1656 iudicium
690 1613 743 1654 et
780 1607 940 1654 oratio
977 1606 1123 1653 nobis
1162 1606 1572 1669 perscrutandum
1613 1612 1709 1667 est,
1745 1608 1817 1656 vi·

148 1679 493 1743 dendumque,
532 1694 737 1742 ecquam
774 1694 831 1725 ea
869 1692 981 1723 cum
1031 1692 1162 1723 nou-
1177 1680 1292 1724 ente
1342 1676 1559 1724 habeant
1593 1684 1818 1725 commu-

146 1753 373 1810 nionem3
412 1765 507 1812 quo
543 1753 816 1814 perspecto
855 1746 1129 1795 falsitatem
1165 1752 1317 1810 atque
1353 1746 1580 1795 fraudem
1603 1749 1820 1820 reperiri

151 1823 432 1870 evincemus
484 1834 540 1866 ac
578 1819 848 1882 Sophistae
886 1817 1104 1866 indolem
1140 1821 1467 1882 naturamque
1504 1812 1818 1868 demonstra-

149 1894 325 1942 bimus.
365 1886 549 1959 (usque
588 1889 649 1938 ad
684 1906 735 1955 p.
774 1889 892 1939 261.
931 1887 1033 1952 Β..)

288 2031 545 2083 Vocabula
582 2047 747 2080 rerum
786 2046 897 2079 cum
943 2029 1069 2078 ideis
1107 2034 1256 2092 atque
1293 2027 1478 2076 litteris
1514 2026 1563 2074 in
1601 2042 1663 2075 eo
1699 2040 1822 2076 con-

148 2103 380 2163 veniunt,
424 2103 553 2167 quod
605 2102 841 2167 quaedam
889 2100 1230 2169 tantummodo
1266 2101 1397 2148 inter
1435 2114 1548 2147 sese
1586 2098 1821 2161 coniungi

151 2180 206 2222 et
262 2173 488 2238 copulari
545 2175 606 2222 ad
657 2174 932 2221 orationem
980 2170 1293 2219 efficiendam
1342 2171 1609 2234 patiuntur.
1693 2168 1822 2217 Nam

149 2246 415 2294 concinunt
445 2246 786 2292 tautummodo
825 2259 909 2301 ea,
949 2259 1073 2305 quae
1111 2243 1373 2290 coniuncta
1412 2239 1592 2303 aliquid
1630 2238 1823 2302 signifi-

151 2322 297 2375 cant;
335 2331 459 2379 quae
495 2315 774 2380 significant
810 2280 961 2374 nihil,
999 2329 1057 2360 ea
1094 2329 1193 2361 non
1233 2313 1520 2360 concinunt.
1593 2309 1822 2360 Discerni

150 2402 271 2435 vero
328 2386 511 2450 duplex
541 2350 740 2451 ²3potest
800 2401 959 2448 genus
1015 2384 1381 2432 vocabulolnm.
1462 2382 1590 2430 Nam
1642 2381 1820 2458 quibus

150 2457 398 2505 actionem
455 2459 714 2520 quamdam
770 2456 1101 2514 declaramus,
1176 2471 1236 2502 ea
1305 2469 1534 2502 vocamus
1599 2450 1823 2517 ῥήματα

152 2528 259 2576 sive
315 2527 494 2587 verba,
550 2529 726 2591 quibus
784 2532 949 2575 autem
1007 2525 1297 2574 denotamus
1362 2539 1450 2571 eos
1509 2524 1678 2588 ipsos,
1738 2522 1824 2585 qui.

152 2601 333 2661 agunt,
383 2612 443 2645 ea
486 2599 683 2646 nomina
718 2602 833 2646 sunt
868 2597 972 2645 sive
1013 2591 1275 2659 όνωματα.
1346 2594 1574 2658 Utraque
1610 2608 1822 2656 necesse

155 2674 237 2716 est
304 2668 438 2714 inter
491 2683 548 2715 se
610 2669 901 2731 iungantur,
964 2667 1209 2729 siquidem
1271 2666 1430 2713 oratio
1492 2666 1681 2711 oritura
1738 2663 1822 2712 sit.

154 2738 355 2815 Quippe
390 2751 484 2784 nec
521 2737 642 2785 solis
680 2738 959 2785 nominibus
996 2752 1089 2783 nec
1124 2737 1234 2784 nnis
1270 2737 1435 2786 zerbis
1461 2734 1682 2781 efficitur
1708 2749 1822 2781 ora-

152 2808 226 2855 tio
264 2800 490 2872 (λόγῳ).
562 2806 789 2855 Pertinet
826 2821 942 2853 vero
982 2807 1180 2868 ᾳυειειίε
1209 2822 1254 2853 ο
1255 2807 1367 2853 atio
1398 2820 1597 2867 semper
1632 2804 1693 2851 ad
1731 2803 1822 2851 ali-

155 2877 287 2940 quid.
368 2876 494 2924 Nam
554 2867 677 2924 nihil
726 2879 767 2924 si
827 2877 874 2923 ei
924 2881 1061 2923 esset
1108 2877 1412 2934 subiectum,
1460 2890 1522 2921 ne
1570 2871 1823 2923 diceretur

156 2948 353 3010 quidem
405 2947 696 3009 quidquam,
759 2946 976 3008 ideoque
1023 2946 1155 2992 nulla
1203 2946 1335 2993 loret
1391 2945 1566 2993 oratio.
1649 2943 1823 2994 Veluti

156 3033 305 3082 quum
351 3017 560 3064 dicimus
618 3017 1024 3064 Theaetetus
1072 3016 1287 3075 sedet,
1337 3017 1500 3078 agitur
1536 3014 1600 3062 de
1636 3019 1725 3075 te,
1762 3013 1823 3064 ad

155 3104 303 3152 quem
343 3092 540 3149 spectat
579 3088 770 3151 oratio..
827 3087 993 3148 Atque
1031 3085 1128 3133 hoc
1163 3087 1273 3149 ipso
1311 3085 1421 3134 loco
1454 3085 1609 3134 falsae
1636 3087 1823 3135 oratio-

154 3161 232 3208 nis
277 3174 453 3206 causae
501 3157 808 3221 deprehendi
854 3160 1080 3220 possunt.
1130 3155 1305 3204 .l⁴'ieri
1354 3157 1483 3204 enim
1519 3160 1717 3220 potest,
1765 3161 1824 3205 ut

156 3230 221 3276 de
270 3229 434 3290 aliquo
479 3228 663 3291 aliquid
711 3228 936 3275 dicentes
984 3231 1070 3274 aut
1113 3240 1229 3277 vcra
1279 3228 1589 3276 enuntiemus
1628 3232 1711 3274 aut
1749 3226 1823 3274 di-

154 3314 301 3347 versa
348 3300 408 3347 ab
454 3299 514 3346 iis
566 3314 691 3362 quae
740 3303 856 3348 sunt
904 3296 1238 3362 proferamus.
1309 3297 1383 3347 Ut
1430 3314 1577 3361 quum
1615 3296 1825 3345 dicimus

156 3369 563 3421 Theaetetus
610 3368 808 3422 volat.
889 3366 1039 3418 Falsa
1084 3367 1238 3432 igitur
1291 3384 1439 3432 quum
1489 3369 1683 3417 diversa
1727 3367 1826 3417 siut
