2028 3750
623 218 662 264 A
673 215 709 262 l)
749 213 1248 265 ἸἸΙΕΑΕἸἙἸῊΜ.
1741 217 1778 266 5

111 361 252 418 bant,
299 372 572 422 quanquam
623 358 684 404 ad
730 372 835 403 eam
887 356 1219 406 necessarium
1266 360 1504 420 putarunt
1549 357 1682 417 hoc,
1717 363 1777 420 ut

110 432 220 494 quis
267 445 434 483 rerum
481 428 788 491 cognitarum
840 427 933 474 sihi
970 424 1198 476 conscius
1246 432 1384 475 esset
1437 433 1775 492 comparatae—

111 518 208 566 que
244 499 479 549 scientiae
516 506 690 563 posset
727 498 952 546 idoneam
990 497 1205 546 reddere
1239 498 1495 549 rationem.

247 597 555 647 Contrarium
630 594 740 644 fere
820 591 1062 652 rationem
1143 593 1482 659 sequebantur
1524 596 1781 651 *Eleaticil

108 671 245 719 luter
313 684 437 731 quos
498 668 712 732 primus,
783 668 915 730 quod
986 667 1225 726 sciamus,
1306 672 1510 719 exortus
1572 667 1777 722 Parme-

107 741 252 790 nides
319 745 426 796 est,
488 739 569 801 qui
640 738 899 785 humanam
964 738 1299 799 coguitionem
1354 738 1601 803 duplicem
1663 755 1779 788 esse

107 810 328 859 videret:
365 809 612 870 alteram,
662 824 786 871 quae
836 823 930 855 uua
966 814 1132 858 mente
1171 814 1224 855 et
1260 810 1453 859 ratione
1490 811 1779 859 continere-

107 887 216 942 tur,
250 880 487 939 alteram,
525 875 651 941 quae
688 877 972 928 hauriretur
1018 877 1246 926 sensibus
1297 884 1445 942 atque
1494 882 1780 943 opinionem

105 948 463 1008 tautummodo,
501 965 595 996 nou
628 949 734 995 veri
769 948 1027 996 scientiam
1065 947 1311 996 efficeret.
1383 950 1652 1001 Enimvero
1693 968 1779 999 ve-

105 1022 267 1073 ritatis
304 1019 561 1071 scientiam
598 1018 699 1077 hic,
738 1023 791 1066 et
837 1019 920 1082 qui
968 1035 1081 1067 eum
1132 1020 1333 1082 sequuti
1369 1027 1501 1079 sunt,
1544 1026 1781 1085 putarunt

105 1093 251 1142 unice
293 1091 342 1142 in
379 1106 459 1151 eo,
498 1089 627 1156 quod
668 1096 859 1149 esset,
898 1090 1071 1152 quaeri
1107 1096 1379 1153 oportere;
1414 1091 1544 1153 quod
1581 1090 1782 1154 quidem

23 1175 31 1184 ‘
104 1163 338 1213 volebant
372 1178 488 1211 esse
524 1177 701 1216 uuum,
738 1161 1129 1224 sempiternum,
1170 1155 1502 1223 immutabile,
1550 1162 1611 1213 ab
1648 1163 1782 1211 omui

107 1241 362 1286 secretum
411 1233 630 1298 partium
688 1232 929 1280 varietate
990 1239 1042 1279 et
1102 1231 1443 1290 multitudiue,
1508 1238 1782 1297 propterea

108 1304 241 1370 quod
276 1304 402 1354 illud
437 1305 630 1368 ipsum,
669 1303 802 1366 quod
839 1318 955 1350 esse
990 1302 1384 1366 intelligeretur,
1429 1303 1480 1355 in
1525 1316 1582 1353 se
1630 1320 1781 1353 unum

108 1391 203 1425 nec
240 1374 498 1441 multiplex
532 1373 799 1427 videretur.
835 1390 879 1425 v,
914 1371 1205 1426 Karsten.
1251 1373 1541 1439 Fragment.
1576 1373 1781 1424 Parme-

105 1447 206 1499 nid.
243 1464 293 1517 p.
320 1446 435 1510 ⁴30⁰
471 1461 583 1513 sqq.

277 1561 469 1611 Neutra
514 1559 764 1608 sententia
810 1557 1003 1607 Platoni
1054 1559 1265 1619 probata
1311 1563 1403 1610 est.
1490 1559 1616 1609 Nam
1652 1558 1780 1608 Pro-

109 1633 306 1697 tagorei
350 1631 548 1697 quidem
596 1636 649 1680 et
701 1630 784 1695 qui
828 1629 906 1678 his
956 1629 1145 1678 similes
1192 1631 1490 1691 extiterunt,
1538 1647 1688 1696 quum
1729 1631 1782 1679 in

110 1703 229 1752 visis
285 1709 340 1754 et
386 1703 617 1753 sensibus
666 1701 772 1749 veri
826 1701 1050 1765 regulam
1106 1700 1274 1749 inesse
1325 1702 1682 1762 existimarent,
1728 1707 1782 1749 et

112 1779 277 1823 tamen
324 1789 521 1823 omnem
577 1772 908 1837 cognitionem
960 1771 1169 1819 mirifice
1223 1770 1613 1833 labefactarent,
1674 1773 1782 1821 eius

111 1844 363 1895 desiderio
421 1843 801 1907 haudquaquam
858 1842 1225 1893 satisfecerunt.
1327 1843 1543 1893 Eleatici
1600 1848 1783 1903 autem,

113 1916 211 1965 etsi
235 1915 380 1965 facile
418 1915 516 1981 ipsi
553 1915 890 1981 probaverunt
939 1912 1069 1979 quod
1109 1913 1351 1962 fecissent
1383 1930 1551 1965 rerum
1596 1913 1784 1963 inteni-

111 1986 335 2050 gihilium
372 1992 521 2051 atque
557 1985 862 2034 sensibilium
913 1985 1206 2038 discrimen,
1255 1986 1388 2034 unde
1438 1985 1787 2035 rationalis'et

113 2058 384 2122 empiricae
457 2056 746 2106 derivabant
823 2056 1119 2118 cognitionis
1188 2056 1552 2116 diversitatem,
1618 2062 1786 2106 tamen

115 2128 180 2177 de
225 2143 318 2188 eo,
368 2128 497 2193 quod
546 2124 660 2176 esse
703 2126 988 2187 diceretur,
1038 2128 1197 2175 miuus
1244 2127 1496 2175 subtiliter
1541 2128 1634 2176 visi
1671 2132 1787 2176 sunt

115 2200 356 2258 iudicare,
392 2200 618 2263 adeoque
652 2198 846 2247 sublata
884 2199 991 2246 eius
1028 2198 1161 2262 quod
1200 2204 1337 2247 esset
1373 2199 1613 2248 varietate
1647 2198 1786 2246 veri-

117 2271 235 2319 tatis
272 2272 530 2320 scientiam
567 2278 668 2318 tam
705 2270 927 2332 angustis
965 2275 1224 2316 coarctare
1260 2269 1470 2329 finibus,
1506 2276 1565 2318 ut
1601 2285 1788 2334 prope«

118 2342 316 2391 modum
369 2342 500 2390 nulla
545 2341 928 2405 relinqueretur.
1018 2340 1190 2404 ltaque
1237 2339 1516 2390 faciendum
1581 2341 1790 2405 putavit,

118 2419 176 2464 ut
211 2415 476 2493 utriusque
509 2413 740 2470 rationis,
779 2413 964 2476 quippe
1001 2411 1088 2458 illa
1123 2418 1286 2458 aetate
1324 2413 1531 2459 maxime
1568 2403 1792 2459 celebr&

118 2491 232 2545 tae,
279 2482 484 2533 examen
530 2485 844 2540 institueret,
894 2489 1043 2550 atque
1090 2482 1321 2532 subtilius
1358 2482 1591 2541 doceret,
1631 2497 1795 2548 neque

114 2557 170 2603 *in
204 2557 321 2605 visis
356 2557 523 2604 inesse
560 2555 781 2602 veritatis
819 2555 1104 2610 seientiam,
1130 2569 1292 2616 neque
1326 2553 1633 2602 immutabile
1669 2553 1794 2604 illud

123 2626 256 2689 Ens,
294 2627 426 2691 quod
466 2632 748 2674 statuerent
784 2625 1025 2683 Eleatici,
1067 2625 1139 2672 ita
1176 2640 1291 2672 esse
1330 2630 1700 2688 comparatum,
1737 2628 1795 2672 ut

123 2697 370 2747 humanae
417 2699 571 2748 menti
620 2697 814 2760 plenam
867 2695 1247 2760 perfectamque
1291 2697 1537 2760 praebere
1570 2695 1795 2743 veritatis

126 2771 461 2833 coguitionem
498 2768 767 2820 existimari
806 2767 998 2814 liceret.
1073 2766 1217 2826 Quod
1240 2768 1402 2831 ipsum
1438 2766 1606 2814 dedita
1643 2764 1803 2826 opera

126 2839 180 2888 in
216 2840 525 2896 Theaeteto,
577 2838 815 2902 Sophiste
849 2844 901 2884 et
951 2837 1245 2885 Pan-menide
1282 2838 1512 2901 perfecit.
1584 2836 1708 2883 Nam
1746 2837 1798 2887 iu

131 2908 413 2958 Theaeteto
462 2924 661 2965 eorum,
711 2909 794 2971 qui
841 2909 1097 2955 scientiam
1131 2909 1192 2954 'ad
1232 2924 1409 2955 sensus
1447 2913 1499 2954 et
1536 2906 1796 2971 opiniones

130 2981 419 3037 deferrent,
470 2980 682 3027 convicit
716 2990 943 3034 errores3
977 2978 1025 3023 in
1063 2976 1328 3040 Sophista,
1379 2979 1464 3025 ubi
1510 2978 1559 3025 ei
1599 2993 1682 3026 res
1719 2982 1800 3026 est

132 3066 244 3101 cum
281 3051 550 3108 Eleaticis,
587 3049 839 3098 subtiliter
874 3063 1047 3094 causas
1084 3050 1305 3111 aperuit,
1350 3065 1439 3098 eur
1483 3048 1604 3097 illud
1642 3048 1800 3096 Elea-

130 3123 343 3171 ticorum
384 3122 488 3169 Ens
526 3121 585 3168 ad
623 3120 844 3167 veritatis
881 3119 1135 3167 scientiam
1174 3115 1344 3182 parum
1396 3119 1561 3167 valere
1594 3118 1802 3168 iudicari

135 3200 427 3259 oporteret3
466 3194 515 3240 in
552 3189 847 3240 Parmenide
883 3197 1075 3249 autem,
1123 3189 1357 3239 refutatis
1404 3192 1552 3240 etiam
1591 3190 1800 3238 aliorum

136 3266 467 3330 opinionibus,
515 3278 653 3311 suam
690 3261 847 3326 ipsius
895 3260 958 3308 de
996 3260 1129 3309 Ente
1177 3263 1473 3310 sententiam
1539 3261 1799 3311 dialectico

134 3338 359 3387 acumine
406 3335 670 3398 exposuit:
722 3333 898 3395 quibus
948 3332 1086 3379 libris
1121 3331 1338 3399 adiunxit
1374 3333 1586 3395 denique
1620 3331 1804 3382 Politi-

135 3420 276 3469 cum,
312 3408 378 3460 de
414 3422 512 3471 quo
550 3419 641 3456 suo
680 3403 794 3453 loco
826 3420 884 3453 ac
920 3407 1150 3471 tempore
1185 3404 1381 3455 dicetur
1415 3403 1636 3462 uberius⁴
